,exchange,datetime,ask_size,ask,bid,bid_size,spread,mid_price,vwap,levels
0,bigone,2023-04-25T03:20:29.631Z,14.547763999999999,1378842.23,1361000.4100000001,8.440486,17841.82,27417.855,27470.6607,50
1,bigone,2023-04-25T03:20:31.015Z,14.547763999999999,1378842.23,1361000.4500000002,8.440486,17841.78,27417.855,27470.6618,50
2,bigone,2023-04-25T03:20:32.410Z,14.547763999999999,1378842.23,1361000.53,8.440486,17841.7,27417.855,27470.664,50
3,bigone,2023-04-25T03:20:33.798Z,14.547763999999999,1378842.23,1361000.5699999998,8.440486,17841.66,27417.855,27470.6651,50
4,bigone,2023-04-25T03:20:35.190Z,14.547763999999999,1378842.23,1361000.6099999999,8.440486,17841.620000000003,27417.855,27470.6662,50
5,bigone,2023-04-25T03:20:36.620Z,14.547763999999999,1378842.23,1361000.69,8.440486,17841.54,27417.855,27470.6684,50
6,bigone,2023-04-25T03:20:38.038Z,14.547763999999999,1378842.23,1361000.73,8.440486,17841.5,27417.855,27470.6695,50
7,bigone,2023-04-25T03:20:39.429Z,14.547763999999999,1378842.23,1361000.81,8.440486,17841.42,27417.855,27470.6717,50
8,bigone,2023-04-25T03:20:40.829Z,14.547763999999999,1378842.23,1361000.85,8.440486,17841.38,27417.855,27470.6728,50
9,bigone,2023-04-25T03:20:42.228Z,14.547763999999999,1378842.23,1361000.8900000001,8.440486,17841.34,27417.855,27470.6739,50
10,bigone,2023-04-25T03:20:43.625Z,14.547763999999999,1378842.23,1361000.9700000002,8.440486,17841.260000000002,27417.855,27470.6761,50
11,bigone,2023-04-25T03:20:45.015Z,14.547763999999999,1378842.23,1361001.0100000002,8.440486,17841.22,27417.855,27470.6772,50
12,bigone,2023-04-25T03:20:46.422Z,14.547763999999999,1378842.23,1361001.0899999999,8.440486,17841.14,27417.855,27470.6794,50
13,bigone,2023-04-25T03:20:47.815Z,14.547763999999999,1378842.23,1361001.13,8.440486,17841.1,27417.855,27470.6806,50
14,bigone,2023-04-25T03:20:49.251Z,14.547763999999999,1378842.23,1361001.17,8.440486,17841.06,27417.855,27470.6817,50
15,bigone,2023-04-25T03:20:50.672Z,14.547763999999999,1378842.23,1361001.25,8.440486,17840.98,27417.855,27470.6839,50
16,bigone,2023-04-25T03:20:52.060Z,14.547763999999999,1378842.23,1361001.29,8.440486,17840.940000000002,27417.855,27470.685,50
17,bigone,2023-04-25T03:20:53.460Z,14.547763999999999,1378842.23,1360623.4000000001,7.922727999999999,18218.830000000005,27417.855,27472.4494,50
18,bigone,2023-04-25T03:20:54.851Z,14.547763999999999,1378842.23,1361001.4100000001,8.440486,17840.82,27417.855,27470.6883,50
19,bigone,2023-04-25T03:20:56.239Z,14.547763999999999,1378842.23,1361001.4500000002,8.440486,17840.78,27417.855,27470.6894,50
20,bigone,2023-04-25T03:20:57.668Z,14.547763999999999,1378842.23,1361001.53,8.440486,17840.7,27417.855,27470.6916,50
21,bigone,2023-04-25T03:20:59.066Z,14.547763999999999,1378842.23,1361001.5699999998,8.440486,17840.66,27417.855,27470.6927,50
22,bigone,2023-04-25T03:21:00.455Z,14.547763999999999,1378842.23,1361001.63,8.440486,17840.6,27417.855,27470.6944,50
23,bigone,2023-04-25T03:21:01.878Z,14.547763999999997,1378880.5699999998,1361001.77,8.440486,17878.8,27420.0,27470.9807,50
24,bigone,2023-04-25T03:21:03.275Z,14.547763999999999,1378871.26,1361001.85,8.440486,17869.41,27420.0,27470.8254,50
25,bigone,2023-04-25T03:21:04.663Z,14.547763999999999,1378871.26,1361001.8900000001,8.440486,17869.370000000003,27420.0,27470.8265,50
26,bigone,2023-04-25T03:21:06.056Z,14.547763999999999,1378871.26,1361001.9500000002,8.440486,17869.309999999998,27420.0,27470.8282,50
27,bigone,2023-04-25T03:21:07.445Z,14.547763999999999,1378871.26,1361002.0100000002,8.440486,17869.25,27420.0,27470.8298,50
28,bigone,2023-04-25T03:21:08.834Z,14.547763999999999,1378871.26,1361002.05,8.440486,17869.21,27420.0,27470.8309,50
29,bigone,2023-04-25T03:21:10.238Z,14.547763999999999,1378871.26,1361002.13,8.440486,17869.129999999997,27420.0,27470.8331,50
30,bigone,2023-04-25T03:21:11.615Z,14.547763999999999,1378871.26,1361002.17,8.440486,17869.09,27420.0,27470.8342,50
31,bigone,2023-04-25T03:21:13.003Z,14.547763999999999,1378871.26,1361002.21,8.440486,17869.050000000003,27420.0,27470.8353,50
32,bigone,2023-04-25T03:21:14.393Z,14.547763999999999,1378871.26,1361002.29,8.440486,17868.97,27420.0,27470.8375,50
33,bigone,2023-04-25T03:21:15.800Z,14.547763999999999,1378871.26,1361002.33,8.440486,17868.93,27420.0,27470.8386,50
34,bigone,2023-04-25T03:21:17.185Z,14.547763999999999,1378871.26,1360623.9200000002,7.922727999999999,18247.34,27420.0,27472.5941,50
35,bigone,2023-04-25T03:21:18.592Z,14.547763999999999,1378871.26,1361002.4500000002,8.440486,17868.809999999998,27420.0,27470.842,50
36,bigone,2023-04-25T03:21:19.983Z,14.547763999999999,1378871.26,1361002.4900000002,8.440486,17868.77,27420.0,27470.8431,50
37,bigone,2023-04-25T03:21:21.387Z,14.547763999999999,1378871.26,1361002.5699999998,8.440486,17868.690000000002,27420.0,27470.8453,50
38,bigone,2023-04-25T03:21:22.782Z,14.547763999999999,1378871.26,1361002.6099999999,8.440486,17868.65,27420.0,27470.8464,50
39,bigone,2023-04-25T03:21:24.169Z,14.547763999999999,1378871.26,1361002.67,8.440486,17868.59,27420.0,27470.8481,50
40,bigone,2023-04-25T03:21:25.589Z,14.547763999999999,1378871.26,1361002.73,8.440486,17868.53,27420.0,27470.8497,50
41,bigone,2023-04-25T03:21:26.976Z,14.547763999999999,1378871.26,1361002.77,8.440486,17868.489999999998,27420.0,27470.8508,50
42,bigone,2023-04-25T03:21:28.372Z,14.547763999999999,1378871.26,1361002.85,8.440486,17868.41,27420.0,27470.853,50
43,bigone,2023-04-25T03:21:29.754Z,14.547763999999999,1378871.26,1361002.8900000001,8.440486,17868.370000000003,27420.0,27470.8541,50
44,bigone,2023-04-25T03:21:31.155Z,14.547763999999999,1378871.26,1361002.9500000002,8.440486,17868.309999999998,27420.0,27470.8558,50
45,bigone,2023-04-25T03:21:32.538Z,14.547763999999999,1378871.26,1361003.0100000002,8.440486,17868.25,27420.0,27470.8574,50
46,bigone,2023-04-25T03:21:33.985Z,14.547763999999999,1378871.26,1361003.05,8.440486,17868.21,27420.0,27470.8585,50
47,bigone,2023-04-25T03:21:35.367Z,14.547763999999999,1378871.26,1361003.13,8.440486,17868.129999999997,27420.0,27470.8607,50
48,bigone,2023-04-25T03:21:36.762Z,14.547763999999999,1378871.26,1361003.17,8.440486,17868.09,27420.0,27470.8618,50
49,bigone,2023-04-25T03:21:38.146Z,14.547763999999999,1378871.26,1361003.21,8.440486,17868.050000000003,27420.0,27470.8629,50
50,bigone,2023-04-25T03:21:39.599Z,14.547763999999999,1378871.26,1361003.29,8.440486,17867.97,27420.0,27470.8651,50
51,bigone,2023-04-25T03:21:40.984Z,14.547763999999999,1378871.26,1361003.33,8.440486,17867.93,27420.0,27470.8662,50
52,bigone,2023-04-25T03:21:42.373Z,14.547763999999999,1378871.26,1361003.4100000001,8.440486,17867.85,27420.0,27470.8685,50
53,bigone,2023-04-25T03:21:43.806Z,14.547763999999999,1378871.26,1361003.4500000002,8.440486,17867.809999999998,27420.0,27470.8696,50
54,bigone,2023-04-25T03:21:45.198Z,14.547763999999999,1378871.26,1361003.4900000002,8.440486,17867.77,27420.0,27470.8707,50
55,bigone,2023-04-25T03:21:46.596Z,14.547763999999999,1378871.26,1361003.5699999998,8.440486,17867.690000000002,27420.0,27470.8729,50
56,bigone,2023-04-25T03:21:47.987Z,14.547763999999999,1378871.26,1361003.6099999999,8.440486,17867.65,27420.0,27470.874,50
57,bigone,2023-04-25T03:21:49.363Z,14.547763999999999,1378871.26,1361003.69,8.440486,17867.57,27420.0,27470.8762,50
58,bigone,2023-04-25T03:21:50.765Z,14.547763999999999,1378871.26,1361003.73,8.440486,17867.53,27420.0,27470.8773,50
59,bigone,2023-04-25T03:21:52.148Z,14.547763999999999,1378871.26,1361003.77,8.440486,17867.489999999998,27420.0,27470.8784,50
60,bigone,2023-04-25T03:21:53.546Z,14.547763999999999,1378871.26,1361003.85,8.440486,17867.41,27420.0,27470.8806,50
61,bigone,2023-04-25T03:21:54.927Z,14.547763999999999,1378871.26,1361003.8900000001,8.440486,17867.370000000003,27420.0,27470.8817,50
62,bigone,2023-04-25T03:21:56.325Z,14.547763999999999,1378871.26,1361003.9300000002,8.440486,17867.33,27420.0,27470.8828,50
63,bigone,2023-04-25T03:21:57.723Z,14.547763999999999,1378871.26,1361004.0100000002,8.440486,17867.25,27420.0,27470.885,50
64,bigone,2023-04-25T03:21:59.101Z,14.547763999999999,1378871.26,1361004.05,8.440486,17867.21,27420.0,27470.8861,50
65,bigone,2023-04-25T03:22:00.515Z,14.547763999999999,1378871.26,1361004.13,8.440486,17867.129999999997,27420.0,27470.8883,50
66,bigone,2023-04-25T03:22:01.898Z,14.547763999999999,1378871.26,1361004.17,8.440486,17867.09,27420.0,27470.8894,50
67,bigone,2023-04-25T03:22:03.331Z,14.547763999999999,1378871.26,1361004.21,8.440486,17867.050000000003,27420.0,27470.8905,50
68,bigone,2023-04-25T03:22:04.718Z,14.547763999999999,1378871.26,1361004.29,8.440486,17866.97,27420.0,27470.8927,50
69,bigone,2023-04-25T03:22:06.092Z,14.547763999999999,1378871.26,1361004.33,8.440486,17866.93,27420.0,27470.8938,50
70,bigone,2023-04-25T03:22:07.498Z,14.547763999999999,1378871.26,1360624.9200000002,7.922727999999999,18246.34,27420.0,27472.6266,50
71,bigone,2023-04-25T03:22:08.891Z,14.547763999999999,1378871.26,1361004.4500000002,8.440486,17866.809999999998,27420.0,27470.8972,50
72,bigone,2023-04-25T03:22:10.286Z,14.547763999999999,1378871.26,1361004.4900000002,8.440486,17866.77,27420.0,27470.8983,50
73,bigone,2023-04-25T03:22:11.673Z,14.547763999999999,1378871.26,1361004.5699999998,8.440486,17866.690000000002,27420.0,27470.9005,50
74,bigone,2023-04-25T03:22:13.064Z,14.547763999999999,1378871.26,1361004.6099999999,8.440486,17866.65,27420.0,27470.9016,50
75,bigone,2023-04-25T03:22:14.453Z,14.547763999999999,1378871.26,1361004.65,8.440486,17866.61,27420.0,27470.9027,50
76,bigone,2023-04-25T03:22:15.859Z,14.547763999999999,1378871.26,1361004.73,8.440486,17866.53,27420.0,27470.9049,50
77,bigone,2023-04-25T03:22:17.265Z,14.547763999999999,1378871.26,1361004.77,8.440486,17866.489999999998,27420.0,27470.906,50
78,bigone,2023-04-25T03:22:18.672Z,14.547763999999999,1378871.26,1361004.85,8.440486,17866.41,27420.0,27470.9082,50
79,bigone,2023-04-25T03:22:20.044Z,14.547763999999999,1378871.26,1361004.8900000001,8.440486,17866.370000000003,27420.0,27470.9093,50
80,bigone,2023-04-25T03:22:21.448Z,14.547763999999999,1378871.26,1361004.9300000002,8.440486,17866.33,27420.0,27470.9104,50
81,bigone,2023-04-25T03:22:22.832Z,14.547763999999999,1378871.26,1361005.0100000002,8.440486,17866.25,27420.0,27470.9126,50
82,bigone,2023-04-25T03:22:24.234Z,14.547763999999999,1378871.26,1361005.05,8.440486,17866.21,27420.0,27470.9137,50
83,bigone,2023-04-25T03:22:25.674Z,14.547763999999999,1378871.26,1360625.28,7.922727999999999,18245.980000000003,27420.0,27472.6382,50
84,bigone,2023-04-25T03:22:27.081Z,14.547763999999999,1378871.26,1361005.17,8.440486,17866.09,27420.0,27470.917,50
85,bigone,2023-04-25T03:22:28.468Z,14.547763999999999,1378871.26,1361005.21,8.440486,17866.050000000003,27420.0,27470.9181,50
86,bigone,2023-04-25T03:22:29.869Z,14.547763999999999,1378871.26,1361005.29,8.440486,17865.97,27420.0,27470.9203,50
87,bigone,2023-04-25T03:22:31.246Z,14.547763999999999,1378871.26,1361005.33,8.440486,17865.93,27420.0,27470.9214,50
88,bigone,2023-04-25T03:22:32.646Z,14.547763999999999,1378871.26,1361005.3900000001,8.440486,17865.870000000003,27420.0,27470.9232,50
89,bigone,2023-04-25T03:22:34.027Z,14.547763999999999,1378871.26,1361005.4500000002,8.440486,17865.809999999998,27420.0,27470.9248,50
90,bigone,2023-04-25T03:22:35.418Z,14.547763999999999,1378871.26,1361005.4900000002,8.440486,17865.77,27420.0,27470.9259,50
91,bigone,2023-04-25T03:22:36.809Z,14.547763999999999,1378871.26,1361005.5699999998,8.440486,17865.690000000002,27420.0,27470.9281,50
92,bigone,2023-04-25T03:22:38.204Z,14.547763999999999,1378871.26,1361005.6099999999,8.440486,17865.65,27420.0,27470.9292,50
93,bigone,2023-04-25T03:22:39.585Z,14.547763999999999,1378871.26,1361005.65,8.440486,17865.61,27420.0,27470.9303,50
94,bigone,2023-04-25T03:22:40.970Z,14.547763999999999,1378871.26,1361005.73,8.440486,17865.53,27420.0,27470.9325,50
95,bigone,2023-04-25T03:22:42.376Z,14.547763999999999,1378871.26,1361005.77,8.440486,17865.489999999998,27420.0,27470.9336,50
96,bigone,2023-04-25T03:22:43.766Z,14.547763999999999,1378871.26,1361005.85,8.440486,17865.41,27420.0,27470.9358,50
97,bigone,2023-04-25T03:22:45.176Z,14.547763999999999,1378871.26,1361005.8900000001,8.440486,17865.370000000003,27420.0,27470.9369,50
98,bigone,2023-04-25T03:22:46.587Z,14.547763999999999,1378871.26,1361005.9300000002,8.440486,17865.33,27420.0,27470.938,50
99,bigone,2023-04-25T03:22:47.982Z,14.547763999999999,1378871.26,1361006.0100000002,8.440486,17865.25,27420.0,27470.9402,50
100,bigone,2023-04-25T03:22:49.363Z,14.547763999999999,1378871.26,1361006.05,8.440486,17865.21,27420.0,27470.9413,50
101,bigone,2023-04-25T03:22:50.741Z,14.547763999999999,1378871.26,1360625.77,7.733848,18245.49,27420.0,27473.4368,50
102,bigone,2023-04-25T03:22:52.131Z,14.547763999999999,1378871.26,1361006.17,8.440486,17865.09,27420.0,27470.9446,50
103,bigone,2023-04-25T03:22:53.527Z,14.547763999999999,1378871.26,1361006.21,8.440486,17865.050000000003,27420.0,27470.9457,50
104,bigone,2023-04-25T03:22:54.930Z,14.547763999999999,1378871.26,1361006.29,8.440486,17864.97,27420.0,27470.9479,50
105,bigone,2023-04-25T03:22:56.327Z,14.547763999999999,1378871.26,1361006.33,8.440486,17864.93,27420.0,27470.949,50
106,bigone,2023-04-25T03:22:57.716Z,14.547763999999999,1378871.26,1361006.37,8.440486,17864.89,27420.0,27470.9501,50
107,bigone,2023-04-25T03:22:59.099Z,14.547763999999999,1378871.26,1361006.4500000002,8.440486,17864.809999999998,27420.0,27470.9524,50
108,bigone,2023-04-25T03:23:00.488Z,14.547763999999999,1378871.26,1361006.4900000002,8.440486,17864.77,27420.0,27470.9535,50
109,bigone,2023-04-25T03:23:01.881Z,14.547763999999999,1378871.26,1361006.55,8.440486,17864.71,27420.0,27470.9552,50
110,bigone,2023-04-25T03:23:03.256Z,14.547763999999999,1378871.26,1361006.6099999999,8.440486,17864.65,27420.0,27470.9568,50
111,bigone,2023-04-25T03:23:04.647Z,14.547763999999999,1378871.26,1361006.65,8.440486,17864.61,27420.0,27470.9579,50
112,bigone,2023-04-25T03:23:06.045Z,14.547763999999999,1378871.26,1361006.73,8.440486,17864.53,27420.0,27470.9601,50
113,bigone,2023-04-25T03:23:07.430Z,14.547763999999999,1378871.26,1361006.77,8.440486,17864.489999999998,27420.0,27470.9612,50
114,bigone,2023-04-25T03:23:08.828Z,14.547763999999999,1378871.26,1361006.81,8.440486,17864.449999999997,27420.0,27470.9623,50
115,bigone,2023-04-25T03:23:10.220Z,14.547763999999999,1378871.26,1361006.8900000001,8.440486,17864.370000000003,27420.0,27470.9645,50
116,bigone,2023-04-25T03:23:11.619Z,14.547763999999999,1378871.26,1361006.9300000002,8.440486,17864.33,27420.0,27470.9656,50
117,bigone,2023-04-25T03:23:13.001Z,14.547763999999999,1378871.26,1361007.0100000002,8.440486,17864.25,27420.0,27470.9678,50
118,bigone,2023-04-25T03:23:14.387Z,14.547763999999999,1378871.26,1361007.05,8.440486,17864.21,27420.0,27470.9689,50
119,bigone,2023-04-25T03:23:15.777Z,14.547763999999999,1378871.26,1361007.0899999999,8.440486,17864.17,27420.0,27470.97,50
120,bigone,2023-04-25T03:23:17.171Z,14.547763999999999,1378871.26,1361007.17,8.440486,17864.09,27420.0,27470.9722,50
121,bigone,2023-04-25T03:23:18.566Z,14.547763999999999,1378871.26,1361007.21,8.440486,17864.050000000003,27420.0,27470.9733,50
122,bigone,2023-04-25T03:23:19.987Z,14.547763999999999,1378871.26,1360626.35,7.733848,18244.910000000003,27420.0,27473.4508,50
123,bigone,2023-04-25T03:23:21.368Z,14.547763999999999,1378871.26,1361007.33,8.440486,17863.93,27420.0,27470.9766,50
124,bigone,2023-04-25T03:23:22.753Z,14.547763999999999,1378871.26,1361007.37,8.440486,17863.89,27420.0,27470.9777,50
125,bigone,2023-04-25T03:23:24.168Z,14.547763999999999,1378871.26,1361007.4500000002,8.440486,17863.809999999998,27420.0,27470.98,50
126,bigone,2023-04-25T03:23:25.560Z,14.547763999999999,1378871.26,1361007.4900000002,8.440486,17863.77,27420.0,27470.9811,50
127,bigone,2023-04-25T03:23:26.937Z,14.547763999999999,1378871.26,1361007.53,8.440486,17863.730000000003,27420.0,27470.9822,50
128,bigone,2023-04-25T03:23:28.339Z,14.547763999999999,1378871.26,1361007.6099999999,8.440486,17863.65,27420.0,27470.9844,50
129,bigone,2023-04-25T03:23:29.716Z,14.547763999999999,1378871.26,1361007.65,8.440486,17863.61,27420.0,27470.9855,50
130,bigone,2023-04-25T03:23:31.114Z,14.547763999999999,1378871.26,1361007.73,8.440486,17863.53,27420.0,27470.9877,50
131,bigone,2023-04-25T03:23:32.500Z,14.547763999999999,1378871.26,1361007.77,8.440486,17863.489999999998,27420.0,27470.9888,50
132,bigone,2023-04-25T03:23:33.898Z,14.547763999999999,1378871.26,1361007.81,8.440486,17863.449999999997,27420.0,27470.9899,50
133,bigone,2023-04-25T03:23:35.287Z,14.547763999999999,1378871.26,1361007.8900000001,8.440486,17863.370000000003,27420.0,27470.9921,50
134,bigone,2023-04-25T03:23:36.680Z,14.547763999999999,1378871.26,1361007.9300000002,8.440486,17863.33,27420.0,27470.9932,50
135,bigone,2023-04-25T03:23:38.084Z,14.547763999999999,1378871.26,1361007.9700000002,8.440486,17863.29,27420.0,27470.9943,50
136,bigone,2023-04-25T03:23:39.495Z,14.547763999999999,1378871.26,1361008.05,8.440486,17863.21,27420.0,27470.9965,50
137,bigone,2023-04-25T03:23:40.883Z,14.547763999999999,1378872.62,1361041.69,8.440485999999998,17830.93,27423.47,27471.0425,50
138,bigone,2023-04-25T03:23:42.262Z,14.547763999999999,1378881.2000000002,1361041.83,8.051606,17839.37,27424.09,27472.6013,50
139,bigone,2023-04-25T03:23:43.722Z,14.547763999999997,1378882.5300000003,1361041.9100000001,8.440486,17840.620000000003,27424.69,27471.0621,50
140,bigone,2023-04-25T03:23:45.112Z,14.547763999999997,1378882.5300000003,1360660.49,7.733848,18222.040000000005,27424.69,27473.5239,50
141,bigone,2023-04-25T03:23:46.511Z,14.547763999999997,1378882.5300000003,1361042.0500000003,8.440485999999998,17840.480000000003,27424.69,27471.0659,50
142,bigone,2023-04-25T03:23:47.897Z,14.547763999999997,1378882.5300000003,1361042.09,8.440485999999998,17840.440000000002,27424.69,27471.067,50
143,bigone,2023-04-25T03:23:49.308Z,14.547763999999997,1378882.5300000003,1361042.17,8.440485999999998,17840.36,27424.69,27471.0692,50
144,bigone,2023-04-25T03:23:50.708Z,14.547763999999997,1378882.5300000003,1361042.21,8.440485999999998,17840.32,27424.69,27471.0703,50
145,bigone,2023-04-25T03:23:52.128Z,14.547763999999997,1378882.5300000003,1361042.25,8.440485999999998,17840.28,27424.69,27471.0714,50
146,bigone,2023-04-25T03:23:53.518Z,14.547763999999997,1378882.5300000003,1361042.33,8.440485999999998,17840.199999999997,27424.69,27471.0736,50
147,bigone,2023-04-25T03:23:54.916Z,14.547763999999997,1378888.27,1361042.4500000002,8.440485999999998,17845.82,27425.25,27471.0846,50
148,bigone,2023-04-25T03:23:56.314Z,15.702166,1379207.57,1361042.5300000003,8.440485999999998,18165.039999999997,27426.425,27484.7383,50
149,bigone,2023-04-25T03:23:57.724Z,15.702166,1379207.57,1361042.5700000003,8.440485999999998,18164.999999999996,27426.425,27484.7394,50
150,bigone,2023-04-25T03:23:59.109Z,15.702166,1379207.57,1361042.61,8.440485999999998,18164.96,27426.425,27484.7404,50
151,bigone,2023-04-25T03:24:00.498Z,15.702166,1379207.57,1361042.69,8.440485999999998,18164.879999999997,27426.425,27484.7425,50
152,bigone,2023-04-25T03:24:01.893Z,15.702166,1379212.1800000002,1361042.73,8.440485999999998,18169.45,27426.425,27484.7503,50
153,bigone,2023-04-25T03:24:03.280Z,15.702166,1379212.1800000002,1361042.79,8.440486,18169.39,27426.425,27484.7519,50
154,bigone,2023-04-25T03:24:04.667Z,15.702166,1379212.1800000002,1361042.85,8.440485999999998,18169.329999999998,27426.425,27484.7534,50
155,bigone,2023-04-25T03:24:06.078Z,15.702166,1379212.1800000002,1361042.8900000001,8.440485999999998,18169.29,27426.425,27484.7545,50
156,bigone,2023-04-25T03:24:07.465Z,15.702166,1379212.1800000002,1361042.9700000002,8.440485999999998,18169.21,27426.425,27484.7566,50
157,bigone,2023-04-25T03:24:08.845Z,15.702166,1379212.1800000002,1361043.0100000002,8.440485999999998,18169.17,27426.425,27484.7576,50
158,bigone,2023-04-25T03:24:10.236Z,15.702166,1379212.1800000002,1361043.0500000003,8.440485999999998,18169.129999999997,27426.425,27484.7587,50
159,bigone,2023-04-25T03:24:11.614Z,15.702166,1379212.1800000002,1361043.1300000001,8.440485999999998,18169.05,27426.425,27484.7608,50
160,bigone,2023-04-25T03:24:13.037Z,15.702166,1379212.1800000002,1361043.17,8.440485999999998,18169.01,27426.425,27484.7619,50
161,bigone,2023-04-25T03:24:14.428Z,15.702166,1379212.1800000002,1361043.25,8.440485999999998,18168.93,27426.425,27484.764,50
162,bigone,2023-04-25T03:24:15.818Z,15.702166,1379212.1800000002,1361043.29,8.440485999999998,18168.89,27426.425,27484.765,50
163,bigone,2023-04-25T03:24:17.198Z,15.702166,1379212.1800000002,1361043.33,8.440485999999998,18168.85,27426.425,27484.7661,50
164,bigone,2023-04-25T03:24:18.632Z,15.702166,1379212.1800000002,1361043.4100000001,8.440485999999998,18168.77,27426.425,27484.7682,50
165,bigone,2023-04-25T03:24:20.015Z,15.702166,1379212.1800000002,1361043.4500000002,8.440485999999998,18168.73,27426.425,27484.7692,50
166,bigone,2023-04-25T03:24:21.418Z,15.702166,1379212.1800000002,1361043.5100000002,8.440486,18168.67,27426.425,27484.7709,50
167,bigone,2023-04-25T03:24:22.813Z,15.702166,1379212.1800000002,1361043.5700000003,8.440485999999998,18168.61,27426.425,27484.7724,50
168,bigone,2023-04-25T03:24:24.221Z,15.702166,1379212.1800000002,1361043.61,8.440485999999998,18168.57,27426.425,27484.7734,50
169,bigone,2023-04-25T03:24:25.604Z,15.702166,1379212.1800000002,1361043.69,8.440485999999998,18168.489999999998,27426.425,27484.7755,50
170,bigone,2023-04-25T03:24:27.011Z,15.702166,1379212.1800000002,1361043.73,8.440485999999998,18168.45,27426.425,27484.7766,50
171,bigone,2023-04-25T03:24:28.393Z,15.702166,1379212.1800000002,1361043.77,8.440485999999998,18168.41,27426.425,27484.7776,50
172,bigone,2023-04-25T03:24:29.783Z,15.702166,1379212.1800000002,1361043.85,8.440485999999998,18168.329999999998,27426.425,27484.7797,50
173,bigone,2023-04-25T03:24:31.170Z,15.702166,1379212.1800000002,1361043.8900000001,8.440485999999998,18168.29,27426.425,27484.7808,50
174,bigone,2023-04-25T03:24:32.565Z,15.702166,1379212.1800000002,1361043.9700000002,8.440485999999998,18168.21,27426.425,27484.7829,50
175,bigone,2023-04-25T03:24:33.965Z,15.702166,1379212.1800000002,1361044.0100000002,8.440485999999998,18168.17,27426.425,27484.7839,50
176,bigone,2023-04-25T03:24:35.359Z,15.702166,1379212.1800000002,1361044.0500000003,8.440485999999998,18168.129999999997,27426.425,27484.785,50
177,bigone,2023-04-25T03:24:36.738Z,15.702166,1379212.1800000002,1361044.1300000001,8.440485999999998,18168.05,27426.425,27484.7871,50
178,bigone,2023-04-25T03:24:38.140Z,15.702166,1379212.1800000002,1361044.17,8.440485999999998,18168.01,27426.425,27484.7881,50
179,bigone,2023-04-25T03:24:39.520Z,15.702166,1379212.1800000002,1361044.23,8.100485999999998,18167.95,27426.425,27486.2492,50
180,bigone,2023-04-25T03:24:40.908Z,15.702166,1379212.1800000002,1361044.29,8.440485999999998,18167.89,27426.425,27484.7913,50
181,bigone,2023-04-25T03:24:42.305Z,15.702166,1379212.1800000002,1361044.33,8.440485999999998,18167.85,27426.425,27484.7923,50
182,bigone,2023-04-25T03:24:43.708Z,15.702166,1379212.1800000002,1361044.4100000001,8.440485999999998,18167.77,27426.425,27484.7944,50
183,bigone,2023-04-25T03:24:45.103Z,15.702166,1379212.1800000002,1361044.4500000002,8.440485999999998,18167.73,27426.425,27484.7955,50
184,bigone,2023-04-25T03:24:46.504Z,15.702166,1379212.1800000002,1361044.4900000002,8.440485999999998,18167.69,27426.425,27484.7965,50
185,bigone,2023-04-25T03:24:47.895Z,15.702166,1379212.1800000002,1361044.5700000003,8.440485999999998,18167.61,27426.425,27484.7986,50
186,bigone,2023-04-25T03:24:49.286Z,15.702166,1379212.1800000002,1361044.61,8.440485999999998,18167.57,27426.425,27484.7997,50
187,bigone,2023-04-25T03:24:50.683Z,15.702166,1379212.1800000002,1361044.69,8.440485999999998,18167.489999999998,27426.425,27484.8018,50
188,bigone,2023-04-25T03:24:52.072Z,15.702166,1379212.1800000002,1361044.73,8.440485999999998,18167.45,27426.425,27484.8028,50
189,bigone,2023-04-25T03:24:53.516Z,15.702166,1379212.1800000002,1361044.77,8.440485999999998,18167.41,27426.425,27484.8039,50
190,bigone,2023-04-25T03:24:54.907Z,15.702166,1379212.1800000002,1361044.85,8.440485999999998,18167.329999999998,27426.425,27484.806,50
191,bigone,2023-04-25T03:24:56.302Z,15.702166,1379212.1800000002,1361044.8900000001,8.440485999999998,18167.29,27426.425,27484.8071,50
192,bigone,2023-04-25T03:24:57.687Z,15.702166,1379212.1800000002,1361044.9500000002,8.440486,18167.23,27426.425,27484.8087,50
193,bigone,2023-04-25T03:24:59.085Z,15.702166,1379212.1800000002,1361045.0100000002,8.440485999999998,18167.17,27426.425,27484.8102,50
194,bigone,2023-04-25T03:25:00.470Z,15.702166,1379212.1800000002,1361045.0500000003,8.440485999999998,18167.129999999997,27426.425,27484.8113,50
195,bigone,2023-04-25T03:25:01.887Z,15.702166,1379212.1800000002,1361045.1300000001,8.440485999999998,18167.05,27426.425,27484.8134,50
196,bigone,2023-04-25T03:25:03.262Z,15.702166,1379212.1800000002,1361045.17,8.440485999999998,18167.01,27426.425,27484.8144,50
197,bigone,2023-04-25T03:25:04.666Z,15.702166,1379212.1800000002,1361045.21,8.440485999999998,18166.969999999998,27426.425,27484.8155,50
198,bigone,2023-04-25T03:25:06.064Z,15.702166,1379212.1800000002,1361045.29,8.440485999999998,18166.89,27426.425,27484.8176,50
199,bigone,2023-04-25T03:25:07.468Z,15.702165999999998,1379296.7800000003,1361164.33,8.440486,18132.449999999997,27432.395,27485.8663,50
200,bigone,2023-04-25T03:25:08.860Z,15.702165999999998,1379296.7800000003,1361172.6500000001,8.440485999999998,18124.129999999997,27432.395,27486.1173,50
201,bigone,2023-04-25T03:25:10.257Z,15.702165999999998,1379296.7800000003,1361172.7100000002,8.440486,18124.069999999996,27432.395,27486.119,50
202,bigone,2023-04-25T03:25:11.651Z,15.702165999999998,1379296.7800000003,1361172.77,8.440485999999998,18124.01,27432.395,27486.1205,50
203,bigone,2023-04-25T03:25:13.040Z,15.702165999999998,1379296.7800000003,1361172.81,8.440485999999998,18123.969999999998,27432.395,27486.1215,50
204,bigone,2023-04-25T03:25:14.435Z,15.702165999999998,1379296.7800000003,1361172.8900000001,8.440485999999998,18123.889999999996,27432.395,27486.1236,50
205,bigone,2023-04-25T03:25:15.824Z,15.702165999999998,1379296.7800000003,1361172.9300000002,8.440485999999998,18123.85,27432.395,27486.1247,50
206,bigone,2023-04-25T03:25:17.213Z,15.702165999999998,1379296.7800000003,1361172.9700000002,8.440485999999998,18123.809999999998,27432.395,27486.1257,50
207,bigone,2023-04-25T03:25:18.638Z,15.702165999999998,1379296.7800000003,1361173.05,8.440485999999998,18123.729999999996,27432.395,27486.1278,50
208,bigone,2023-04-25T03:25:20.057Z,15.702165999999998,1379296.7800000003,1361173.09,8.440485999999998,18123.69,27432.395,27486.1289,50
209,bigone,2023-04-25T03:25:21.458Z,15.702165999999998,1379296.7800000003,1361173.1700000002,8.440485999999998,18123.609999999997,27432.395,27486.131,50
210,bigone,2023-04-25T03:25:22.852Z,15.702165999999998,1379296.7800000003,1361173.2100000002,8.440485999999998,18123.569999999996,27432.395,27486.132,50
211,bigone,2023-04-25T03:25:24.261Z,15.702165999999998,1379296.7800000003,1361173.2500000002,8.440485999999998,18123.53,27432.395,27486.1331,50
212,bigone,2023-04-25T03:25:25.657Z,15.702165999999998,1379296.7800000003,1361173.33,8.440485999999998,18123.449999999997,27432.395,27486.1352,50
213,bigone,2023-04-25T03:25:27.078Z,15.702165999999998,1379296.7800000003,1361173.37,8.440485999999998,18123.409999999996,27432.395,27486.1363,50
214,bigone,2023-04-25T03:25:28.470Z,15.702165999999998,1379296.7800000003,1360781.56,7.922727999999999,18515.219999999998,27432.395,27487.8349,50
215,bigone,2023-04-25T03:25:29.861Z,15.702165999999998,1379296.7800000003,1361173.4900000002,8.440485999999998,18123.289999999997,27432.395,27486.1394,50
216,bigone,2023-04-25T03:25:31.256Z,15.702165999999998,1379296.7800000003,1361173.5300000003,8.440485999999998,18123.249999999996,27432.395,27486.1405,50
217,bigone,2023-04-25T03:25:32.647Z,15.702165999999998,1379296.7800000003,1361173.61,8.440485999999998,18123.17,27432.395,27486.1426,50
218,bigone,2023-04-25T03:25:34.044Z,15.702165999999998,1379296.7800000003,1361173.6500000001,8.440485999999998,18123.129999999997,27432.395,27486.1436,50
219,bigone,2023-04-25T03:25:35.442Z,15.702165999999998,1379296.7800000003,1360781.6900000002,7.733848,18515.089999999997,27432.395,27488.6113,50
220,bigone,2023-04-25T03:25:36.875Z,15.702165999999998,1379296.7800000003,1361173.77,8.440485999999998,18123.01,27432.395,27486.1468,50
221,bigone,2023-04-25T03:25:38.267Z,15.702165999999998,1379296.7800000003,1361173.81,8.440485999999998,18122.969999999998,27432.395,27486.1478,50
222,bigone,2023-04-25T03:25:39.655Z,15.702165999999998,1379296.7800000003,1361173.8900000001,8.440485999999998,18122.889999999996,27432.395,27486.1499,50
223,bigone,2023-04-25T03:25:41.076Z,15.702165999999998,1379296.7800000003,1361173.9300000002,8.440485999999998,18122.85,27432.395,27486.151,50
224,bigone,2023-04-25T03:25:42.475Z,15.702165999999998,1379296.7800000003,1360781.83,7.733848,18514.949999999997,27432.395,27488.6145,50
225,bigone,2023-04-25T03:25:43.875Z,15.702165999999998,1379296.7800000003,1361174.05,8.440485999999998,18122.729999999996,27432.395,27486.1541,50
226,bigone,2023-04-25T03:25:45.257Z,15.702165999999998,1379296.7800000003,1361174.09,8.440485999999998,18122.69,27432.395,27486.1552,50
227,bigone,2023-04-25T03:25:46.659Z,15.702165999999998,1379296.7800000003,1361174.1700000002,8.440485999999998,18122.609999999997,27432.395,27486.1573,50
228,bigone,2023-04-25T03:25:48.225Z,15.702165999999998,1379296.7800000003,1361163.5200000003,8.440485999999998,18133.26,27431.325,27486.1464,50
229,bigone,2023-04-25T03:25:49.608Z,15.702165999999998,1379296.7800000003,1361163.6,8.440485999999998,18133.18,27431.325,27486.1485,50
230,bigone,2023-04-25T03:25:51.130Z,15.702165999999998,1379296.7800000003,1361163.6400000001,8.440485999999998,18133.14,27431.325,27486.1496,50
231,bigone,2023-04-25T03:25:52.544Z,15.702165999999998,1379296.7800000003,1361163.6800000002,8.440485999999998,18133.1,27431.325,27486.1506,50
232,bigone,2023-04-25T03:25:53.935Z,15.702165999999998,1379296.7800000003,1361163.7600000002,8.440485999999998,18133.019999999997,27431.325,27486.1527,50
233,bigone,2023-04-25T03:25:55.326Z,15.702165999999998,1379296.7800000003,1361163.8000000003,8.440485999999998,18132.98,27431.325,27486.1538,50
234,bigone,2023-04-25T03:25:56.723Z,15.702165999999998,1379296.7800000003,1361163.8800000001,8.440485999999998,18132.9,27431.325,27486.1559,50
235,bigone,2023-04-25T03:25:58.139Z,15.702165999999998,1379296.7800000003,1361163.9200000002,8.440485999999998,18132.86,27431.325,27486.1569,50
236,bigone,2023-04-25T03:25:59.533Z,15.702165999999998,1379296.7800000003,1361163.9600000002,8.440485999999998,18132.82,27431.325,27486.158,50
237,bigone,2023-04-25T03:26:00.927Z,15.702165999999998,1379296.7800000003,1361164.04,8.440485999999998,18132.739999999998,27431.325,27486.1601,50
238,bigone,2023-04-25T03:26:02.315Z,15.702165999999998,1379296.7800000003,1361164.08,8.440485999999998,18132.699999999997,27431.325,27486.1611,50
239,bigone,2023-04-25T03:26:03.717Z,15.702165999999998,1379296.7800000003,1360771.55,7.922727999999999,18525.229999999996,27431.325,27487.8439,50
240,bigone,2023-04-25T03:26:05.110Z,15.702165999999998,1379296.7800000003,1361164.2000000002,8.440485999999998,18132.579999999998,27431.325,27486.1643,50
241,bigone,2023-04-25T03:26:06.510Z,15.702165999999998,1379296.7800000003,1361164.2400000002,8.440485999999998,18132.54,27431.325,27486.1653,50
242,bigone,2023-04-25T03:26:07.920Z,15.702165999999998,1379296.7800000003,1361164.3200000003,8.440485999999998,18132.46,27431.325,27486.1674,50
243,bigone,2023-04-25T03:26:09.309Z,15.702165999999998,1379296.7800000003,1361164.36,8.440485999999998,18132.42,27431.325,27486.1685,50
244,bigone,2023-04-25T03:26:10.705Z,15.702165999999998,1379296.7800000003,1361164.4200000002,8.440486,18132.36,27431.325,27486.1702,50
245,bigone,2023-04-25T03:26:12.107Z,15.702165999999998,1379296.7800000003,1361164.4800000002,8.440485999999998,18132.3,27431.325,27486.1717,50
246,bigone,2023-04-25T03:26:13.490Z,15.702165999999998,1379296.7800000003,1361164.5200000003,8.440485999999998,18132.26,27431.325,27486.1727,50
247,bigone,2023-04-25T03:26:14.883Z,15.702165999999998,1379296.7800000003,1361164.6,8.440485999999998,18132.18,27431.325,27486.1748,50
248,bigone,2023-04-25T03:26:16.302Z,15.702165999999998,1379296.7800000003,1361164.6400000001,8.440485999999998,18132.14,27431.325,27486.1759,50
249,bigone,2023-04-25T03:26:17.763Z,15.702165999999998,1379296.7800000003,1360771.83,7.922727999999999,18524.949999999997,27431.325,27487.8525,50
250,bigone,2023-04-25T03:26:19.178Z,15.702165999999998,1379296.7800000003,1361164.7600000002,8.440485999999998,18132.019999999997,27431.325,27486.179,50
251,bigone,2023-04-25T03:26:20.571Z,15.702165999999998,1379296.7800000003,1361164.8000000003,8.440485999999998,18131.98,27431.325,27486.1801,50
252,bigone,2023-04-25T03:26:21.962Z,15.702165999999998,1379296.7800000003,1361164.8800000001,8.440485999999998,18131.9,27431.325,27486.1822,50
253,bigone,2023-04-25T03:26:23.354Z,15.702165999999998,1379296.7800000003,1361164.9200000002,8.440485999999998,18131.86,27431.325,27486.1832,50
254,bigone,2023-04-25T03:26:24.763Z,15.702165999999998,1379296.7800000003,1360771.96,7.733848,18524.819999999996,27431.325,27488.621,50
255,bigone,2023-04-25T03:26:26.154Z,15.702165999999998,1379296.7800000003,1361165.04,8.440485999999998,18131.739999999998,27431.325,27486.1864,50
256,bigone,2023-04-25T03:26:27.544Z,15.702165999999998,1379296.7800000003,1361165.08,8.440485999999998,18131.699999999997,27431.325,27486.1874,50
257,bigone,2023-04-25T03:26:28.950Z,15.702165999999998,1379296.7800000003,1361165.1600000001,8.440485999999998,18131.62,27431.325,27486.1895,50
258,bigone,2023-04-25T03:26:30.343Z,15.702165999999998,1379296.7800000003,1361165.2000000002,8.440485999999998,18131.579999999998,27431.325,27486.1906,50
259,bigone,2023-04-25T03:26:31.734Z,15.702165999999998,1379296.7800000003,1361165.2400000002,8.440485999999998,18131.54,27431.325,27486.1916,50
260,bigone,2023-04-25T03:26:33.135Z,15.702165999999998,1379296.7800000003,1361165.3200000003,8.440485999999998,18131.46,27431.325,27486.1937,50
261,bigone,2023-04-25T03:26:34.523Z,15.702165999999998,1379296.7800000003,1361165.36,8.440485999999998,18131.42,27431.325,27486.1948,50
262,bigone,2023-04-25T03:26:35.915Z,15.702165999999998,1379296.7800000003,1361165.4200000002,8.440486,18131.36,27431.325,27486.1964,50
263,bigone,2023-04-25T03:26:37.310Z,15.702165999999998,1379296.7800000003,1361165.4800000002,8.440485999999998,18131.3,27431.325,27486.1979,50
264,bigone,2023-04-25T03:26:38.699Z,15.702165999999998,1379296.7800000003,1361165.5200000003,8.440485999999998,18131.26,27431.325,27486.199,50
265,bigone,2023-04-25T03:26:40.088Z,15.702165999999998,1379296.7800000003,1361165.6,8.440485999999998,18131.18,27431.325,27486.2011,50
266,bigone,2023-04-25T03:26:41.476Z,15.702165999999998,1379296.7800000003,1361165.6400000001,8.440485999999998,18131.14,27431.325,27486.2021,50
267,bigone,2023-04-25T03:26:42.874Z,15.702165999999998,1379296.7800000003,1361165.6800000002,8.440485999999998,18131.1,27431.325,27486.2032,50
268,bigone,2023-04-25T03:26:44.256Z,15.702165999999998,1379296.7800000003,1361165.7600000002,8.440485999999998,18131.019999999997,27431.325,27486.2053,50
269,bigone,2023-04-25T03:26:45.645Z,15.702165999999998,1379224.37,1361115.56,8.440485999999998,18108.809999999998,27419.985,27485.6003,50
270,bigone,2023-04-25T03:26:47.036Z,15.702165999999998,1379224.37,1361115.56,8.440485999999998,18108.809999999998,27419.985,27485.6003,50
271,bigone,2023-04-25T03:26:48.428Z,15.702165999999998,1379224.37,1361115.56,8.440485999999998,18108.809999999998,27419.985,27485.6003,50
272,bigone,2023-04-25T03:26:49.820Z,15.702165999999998,1379224.37,1361115.56,8.440485999999998,18108.809999999998,27419.985,27485.6003,50
273,bigone,2023-04-25T03:26:51.208Z,15.702165999999998,1379224.37,1361115.56,8.440485999999998,18108.809999999998,27419.985,27485.6003,50
274,bigone,2023-04-25T03:26:52.598Z,15.702165999999998,1379224.37,1361115.56,8.440485999999998,18108.809999999998,27419.985,27485.6003,50
275,bigone,2023-04-25T03:26:53.991Z,15.702165999999998,1379224.37,1361115.56,8.440485999999998,18108.809999999998,27419.985,27485.6003,50
276,bigone,2023-04-25T03:26:55.382Z,15.702165999999998,1379224.37,1361115.56,8.440485999999998,18108.809999999998,27419.985,27485.6003,50
277,bigone,2023-04-25T03:26:56.774Z,15.702165999999998,1379224.37,1361115.56,8.440485999999998,18108.809999999998,27419.985,27485.6003,50
278,bigone,2023-04-25T03:26:58.168Z,15.702165999999998,1379224.37,1361115.56,8.440485999999998,18108.809999999998,27419.985,27485.6003,50
279,bigone,2023-04-25T03:26:59.587Z,15.702165999999998,1379224.37,1361115.56,8.440485999999998,18108.809999999998,27419.985,27485.6003,50
280,bigone,2023-04-25T03:27:01.003Z,15.702165999999998,1379224.37,1361115.56,8.440485999999998,18108.809999999998,27419.985,27485.6003,50
281,bigone,2023-04-25T03:27:02.432Z,15.702165999999998,1379224.37,1361115.56,8.440485999999998,18108.809999999998,27419.985,27485.6003,50
282,bigone,2023-04-25T03:27:03.826Z,15.702165999999998,1379224.37,1361115.56,8.440485999999998,18108.809999999998,27419.985,27485.6003,50
283,bigone,2023-04-25T03:27:05.212Z,15.702165999999998,1379224.37,1361115.56,8.440485999999998,18108.809999999998,27419.985,27485.6003,50
284,bigone,2023-04-25T03:27:06.617Z,15.702165999999998,1379224.37,1361115.56,8.440485999999998,18108.809999999998,27419.985,27485.6003,50
285,bigone,2023-04-25T03:27:08.010Z,15.702165999999998,1379224.37,1361115.56,8.440485999999998,18108.809999999998,27419.985,27485.6003,50
286,bigone,2023-04-25T03:27:09.410Z,15.702165999999998,1379224.37,1361115.56,8.440485999999998,18108.809999999998,27419.985,27485.6003,50
287,bigone,2023-04-25T03:27:10.807Z,15.702165999999998,1379224.37,1361115.56,8.440485999999998,18108.809999999998,27419.985,27485.6003,50
288,bigone,2023-04-25T03:27:12.220Z,15.702165999999998,1379224.37,1361115.56,8.440485999999998,18108.809999999998,27419.985,27485.6003,50
289,bigone,2023-04-25T03:27:13.609Z,15.702165999999998,1379224.37,1361115.56,8.440485999999998,18108.809999999998,27419.985,27485.6003,50
290,bigone,2023-04-25T03:27:15.000Z,15.702165999999998,1379224.37,1361115.56,8.440485999999998,18108.809999999998,27419.985,27485.6003,50
291,bigone,2023-04-25T03:27:16.389Z,15.702165999999998,1379224.37,1361115.56,8.440485999999998,18108.809999999998,27419.985,27485.6003,50
292,bigone,2023-04-25T03:27:17.846Z,15.702165999999997,1379155.65,1361112.3000000003,8.440485999999998,18043.35,27419.985,27485.2048,50
293,bigone,2023-04-25T03:27:19.239Z,15.702165999999997,1379155.65,1361040.57,8.440485999999998,18115.079999999998,27419.355,27484.8127,50
294,bigone,2023-04-25T03:27:20.632Z,15.702165999999997,1379155.65,1361040.57,8.440485999999998,18115.079999999998,27419.355,27484.8127,50
295,bigone,2023-04-25T03:27:22.024Z,15.702165999999997,1379155.65,1361040.57,8.440485999999998,18115.079999999998,27419.355,27484.8127,50
296,bigone,2023-04-25T03:27:23.801Z,15.702165999999997,1379155.65,1361040.57,8.440485999999998,18115.079999999998,27419.355,27484.8127,50
297,bigone,2023-04-25T03:27:25.211Z,15.702165999999997,1379155.65,1361040.57,8.440485999999998,18115.079999999998,27419.355,27484.8127,50
298,bigone,2023-04-25T03:27:26.602Z,15.702165999999997,1379099.82,1361365.36,7.872976,17734.46,27409.965,27495.6091,50
299,bigone,2023-04-25T03:27:28.008Z,15.702165999999997,1379099.78,1361365.36,7.872976,17734.420000000002,27409.965,27495.6076,50
300,bigone,2023-04-25T03:27:29.410Z,15.702165999999997,1379099.74,1361365.36,7.872976,17734.38,27409.965,27495.6062,50
301,bigone,2023-04-25T03:27:30.801Z,15.702165999999997,1379099.66,1361365.36,7.872976,17734.3,27409.965,27495.6032,50
302,bigone,2023-04-25T03:27:32.192Z,15.702165999999997,1379099.6199999999,1361365.36,7.872976,17734.26,27409.965,27495.6017,50
303,bigone,2023-04-25T03:27:33.584Z,15.702165999999997,1379099.56,1361365.36,7.872976,17734.2,27409.965,27495.5992,50
304,bigone,2023-04-25T03:27:34.975Z,15.702165999999997,1379099.5,1361365.36,7.872976,17734.14,27409.965,27495.5973,50
305,bigone,2023-04-25T03:27:36.377Z,15.702165999999997,1379099.46,1361365.36,7.872976,17734.1,27409.965,27495.5958,50
306,bigone,2023-04-25T03:27:37.770Z,15.702165999999997,1379099.38,1361365.36,7.872976,17734.02,27409.965,27495.5929,50
307,bigone,2023-04-25T03:27:39.170Z,15.702165999999997,1379099.3399999999,1361365.36,7.872976,17733.98,27409.965,27495.5914,50
308,bigone,2023-04-25T03:27:40.562Z,14.503801999999999,1379404.75,1361365.36,7.872976,18039.39,27409.965,27498.3304,50
309,bigone,2023-04-25T03:27:41.955Z,15.702165999999998,1379003.5699999998,1361252.0799999998,7.872976,17751.49,27404.875,27494.444,50
310,bigone,2023-04-25T03:27:43.344Z,15.702165999999998,1379003.49,1361252.0799999998,7.872976,17751.41,27404.875,27494.4411,50
311,bigone,2023-04-25T03:27:44.753Z,15.702165999999998,1379003.45,1361252.0799999998,7.872976,17751.37,27404.875,27494.4396,50
312,bigone,2023-04-25T03:27:46.145Z,15.313285999999998,1379003.39,1361252.0799999998,7.872976,17751.31,27404.875,27495.2765,50
313,bigone,2023-04-25T03:27:47.539Z,15.702165999999998,1379003.33,1361252.0799999998,7.872976,17751.25,27404.875,27494.4352,50
314,bigone,2023-04-25T03:27:48.932Z,15.702165999999998,1379003.29,1361252.0799999998,7.872976,17751.21,27404.875,27494.4337,50
315,bigone,2023-04-25T03:27:50.342Z,15.702165999999998,1379028.33,1361254.89,7.872976,17773.44,27407.395,27494.5024,50
316,bigone,2023-04-25T03:27:51.721Z,15.162681999999998,1379334.0299999998,1360885.8400000003,8.051606,18448.19,27407.395,27485.7532,50
317,bigone,2023-04-25T03:27:53.111Z,15.702165999999998,1379028.21,1361254.99,7.872976,17773.219999999998,27407.395,27494.4995,50
318,bigone,2023-04-25T03:27:54.504Z,15.702165999999998,1379028.1700000002,1361255.01,7.872976,17773.16,27407.395,27494.4983,50
319,bigone,2023-04-25T03:27:55.896Z,15.702165999999998,1379028.09,1361255.07,7.872976,17773.019999999997,27407.395,27494.4963,50
320,bigone,2023-04-25T03:27:57.294Z,15.702165999999998,1379028.05,1361255.1099999999,7.872976,17772.94,27407.395,27494.4954,50
321,bigone,2023-04-25T03:27:58.696Z,14.547763999999999,1378751.49,1361301.06,7.872976,17450.43,27414.2,27481.8069,50
322,bigone,2023-04-25T03:28:00.081Z,14.547763999999997,1378757.21,1361301.1199999999,7.872976,17456.09,27414.82,27481.8135,50
323,bigone,2023-04-25T03:28:01.475Z,14.547763999999997,1378757.13,1361301.2,7.872976,17455.93,27414.82,27481.8124,50
324,bigone,2023-04-25T03:28:02.873Z,14.547763999999997,1378757.09,1361301.22,7.872976,17455.87,27414.82,27481.8115,50
325,bigone,2023-04-25T03:28:04.272Z,14.547763999999997,1378757.03,1361301.26,7.872976,17455.77,27414.82,27481.8103,50
326,bigone,2023-04-25T03:28:05.680Z,14.547763999999997,1378756.97,1361301.32,7.872976,17455.649999999998,27414.82,27481.8095,50
327,bigone,2023-04-25T03:28:07.075Z,14.547763999999997,1378756.9300000002,1361301.36,7.872976,17455.57,27414.82,27481.809,50
328,bigone,2023-04-25T03:28:08.474Z,14.547763999999997,1378756.85,1361301.4400000002,7.872976,17455.41,27414.82,27481.8079,50
329,bigone,2023-04-25T03:28:09.883Z,14.547763999999997,1378756.81,1361301.46,7.872976,17455.35,27414.82,27481.807,50
330,bigone,2023-04-25T03:28:11.267Z,14.892166,1379055.63,1360932.03,8.051606,18123.6,27414.82,27486.3267,50
331,bigone,2023-04-25T03:28:12.665Z,14.547763999999997,1378756.69,1361301.54,7.872976,17455.15,27414.82,27481.8047,50
332,bigone,2023-04-25T03:28:14.061Z,14.547763999999997,1378756.65,1361301.58,7.872976,17455.07,27414.82,27481.8041,50
333,bigone,2023-04-25T03:28:15.454Z,14.547763999999997,1378756.57,1361301.66,7.872976,17454.91,27414.82,27481.803,50
334,bigone,2023-04-25T03:28:16.846Z,14.547763999999997,1378756.53,1361301.7,7.872976,17454.83,27414.82,27481.8025,50
335,bigone,2023-04-25T03:28:18.237Z,14.547763999999997,1378756.49,1361301.72,7.872976,17454.77,27414.82,27481.8016,50
336,bigone,2023-04-25T03:28:19.632Z,14.547763999999997,1378756.4100000001,1361301.78,7.872976,17454.63,27414.82,27481.8002,50
337,bigone,2023-04-25T03:28:21.016Z,14.547763999999997,1378756.37,1361301.82,7.872976,17454.55,27414.82,27481.7996,50
338,bigone,2023-04-25T03:28:22.406Z,14.547763999999997,1378756.29,1361301.9000000001,7.872976,17454.39,27414.82,27481.7985,50
339,bigone,2023-04-25T03:28:23.844Z,14.547763999999997,1378756.25,1361301.9200000002,7.872976,17454.33,27414.82,27481.7976,50
340,bigone,2023-04-25T03:28:25.260Z,14.547763999999997,1378756.21,1361301.9400000002,7.872976,17454.27,27414.82,27481.7968,50
341,bigone,2023-04-25T03:28:26.650Z,14.547763999999997,1378756.13,1361302.0,7.872976,17454.13,27414.82,27481.7953,50
342,bigone,2023-04-25T03:28:28.068Z,14.547763999999997,1378756.09,1361302.04,7.872976,17454.05,27414.82,27481.7947,50
343,bigone,2023-04-25T03:28:29.457Z,15.162166,1379055.26,1361302.1199999999,7.872976,17753.139999999996,27414.82,27495.7675,50
344,bigone,2023-04-25T03:28:30.851Z,14.547763999999997,1378755.97,1361302.16,7.872976,17453.809999999998,27414.82,27481.7931,50
345,bigone,2023-04-25T03:28:32.241Z,14.547763999999997,1378755.9300000002,1361302.2,7.872976,17453.73,27414.82,27481.7925,50
346,bigone,2023-04-25T03:28:33.630Z,14.547763999999997,1378755.85,1361302.26,7.872976,17453.59,27414.82,27481.7911,50
347,bigone,2023-04-25T03:28:35.024Z,14.547763999999997,1378755.81,1361302.3,7.872976,17453.51,27414.82,27481.7906,50
348,bigone,2023-04-25T03:28:36.413Z,14.547763999999997,1378755.81,1361302.34,7.872976,17453.47,27414.82,27481.7912,50
349,bigone,2023-04-25T03:28:37.855Z,14.547763999999997,1378755.81,1361302.3800000001,7.872976,17453.43,27414.82,27481.7919,50
350,bigone,2023-04-25T03:28:39.252Z,14.547763999999997,1378755.81,1361302.4000000001,7.872976,17453.41,27414.82,27481.7922,50
351,bigone,2023-04-25T03:28:40.645Z,14.547763999999997,1378755.81,1361302.48,7.872976,17453.329999999998,27414.82,27481.7935,50
352,bigone,2023-04-25T03:28:42.050Z,14.547763999999997,1378755.81,1361302.52,7.872976,17453.29,27414.82,27481.7941,50
353,bigone,2023-04-25T03:28:43.439Z,14.547763999999997,1378755.81,1361302.54,7.872976,17453.27,27414.82,27481.7945,50
354,bigone,2023-04-25T03:28:44.864Z,14.547763999999997,1378755.81,1361302.5999999999,7.872976,17453.21,27414.82,27481.7954,50
355,bigone,2023-04-25T03:28:46.267Z,14.547763999999997,1378755.81,1361302.64,7.872976,17453.17,27414.82,27481.7961,50
356,bigone,2023-04-25T03:28:47.666Z,14.547763999999997,1378755.81,1361302.7,7.872976,17453.11,27414.82,27481.7971,50
357,bigone,2023-04-25T03:28:49.113Z,14.547763999999997,1378755.81,1361302.74,7.872976,17453.07,27414.82,27481.7977,50
358,bigone,2023-04-25T03:28:50.510Z,14.547763999999997,1378755.81,1361302.78,7.872976,17453.03,27414.82,27481.7984,50
359,bigone,2023-04-25T03:28:52.029Z,14.547763999999997,1378755.81,1361302.84,7.872976,17452.97,27414.82,27481.7993,50
360,bigone,2023-04-25T03:28:53.407Z,14.547763999999997,1378755.81,1361302.86,7.872976,17452.95,27414.82,27481.7997,50
361,bigone,2023-04-25T03:28:54.867Z,14.547763999999997,1378755.81,1361302.9200000002,7.872976,17452.89,27414.82,27481.8006,50
362,bigone,2023-04-25T03:28:56.259Z,14.547763999999997,1378755.81,1361302.96,7.872976,17452.85,27414.82,27481.8013,50
363,bigone,2023-04-25T03:28:57.655Z,14.547763999999997,1378755.81,1361303.04,7.872976,17452.77,27414.82,27481.8026,50
364,bigone,2023-04-25T03:28:59.053Z,14.547763999999997,1378755.81,1361303.06,7.872976,17452.75,27414.82,27481.8029,50
365,bigone,2023-04-25T03:29:00.451Z,14.547763999999997,1378755.81,1361303.08,7.872976,17452.73,27414.82,27481.8032,50
366,bigone,2023-04-25T03:29:01.842Z,14.547763999999997,1378755.81,1361303.14,7.872976,17452.67,27414.82,27481.8042,50
367,bigone,2023-04-25T03:29:03.234Z,14.547763999999997,1378755.81,1361303.18,7.872976,17452.63,27414.82,27481.8049,50
368,bigone,2023-04-25T03:29:04.632Z,14.547763999999997,1378755.81,1361303.22,7.872976,17452.59,27414.82,27481.8055,50
369,bigone,2023-04-25T03:29:06.031Z,14.547763999999997,1378755.81,1361303.3,7.872976,17452.51,27414.82,27481.8068,50
370,bigone,2023-04-25T03:29:07.421Z,14.547763999999997,1378755.81,1361303.32,7.872976,17452.489999999998,27414.82,27481.8071,50
371,bigone,2023-04-25T03:29:08.813Z,14.547763999999997,1378755.69,1361301.54,7.8729759999999995,17454.149999999998,27414.68,27481.8022,50
372,bigone,2023-04-25T03:29:10.211Z,15.702165999999998,1379054.23,1361294.51,7.872976,17759.719999999998,27413.915,27494.5536,50
373,bigone,2023-04-25T03:29:11.603Z,15.702165999999998,1379054.19,1361294.55,7.872976,17759.639999999996,27413.915,27494.5527,50
374,bigone,2023-04-25T03:29:13.022Z,15.702165999999998,1379054.1099999999,1361294.6300000001,7.872976,17759.479999999996,27413.915,27494.551,50
375,bigone,2023-04-25T03:29:14.412Z,15.702165999999998,1379054.0699999998,1361294.67,7.872976,17759.399999999998,27413.915,27494.5502,50
376,bigone,2023-04-25T03:29:15.817Z,14.547763999999997,1378754.46,1361294.73,7.872976,17459.73,27413.915,27481.7721,50
377,bigone,2023-04-25T03:29:17.206Z,15.702165999999998,1379053.95,1361294.75,7.872976,17759.199999999997,27413.915,27494.5471,50
378,bigone,2023-04-25T03:29:18.598Z,15.702165999999998,1379053.9100000001,1361294.7899999998,7.872976,17759.12,27413.915,27494.5463,50
379,bigone,2023-04-25T03:29:20.000Z,15.702165999999998,1379053.83,1361294.8699999999,7.872976,17758.96,27413.915,27494.5446,50
380,bigone,2023-04-25T03:29:21.395Z,15.702165999999998,1379053.79,1361294.89,7.872976,17758.899999999998,27413.915,27494.5434,50
381,bigone,2023-04-25T03:29:22.809Z,15.702165999999998,1379053.73,1361294.95,7.872976,17758.78,27413.915,27494.5418,50
382,bigone,2023-04-25T03:29:24.210Z,15.702165999999998,1379053.67,1361294.97,7.872976,17758.699999999997,27413.915,27494.5402,50
383,bigone,2023-04-25T03:29:25.606Z,15.702165999999998,1379053.63,1361295.01,7.872976,17758.62,27413.915,27494.5393,50
384,bigone,2023-04-25T03:29:26.995Z,15.702165999999998,1379053.5499999998,1361295.09,7.872976,17758.46,27413.915,27494.5376,50
385,bigone,2023-04-25T03:29:28.451Z,15.702165999999998,1379053.5099999998,1361295.1300000001,7.872976,17758.379999999997,27413.915,27494.5368,50
386,bigone,2023-04-25T03:29:29.878Z,15.702165999999998,1379053.45,1361295.19,7.872976,17758.26,27413.915,27494.5352,50
387,bigone,2023-04-25T03:29:31.270Z,15.702165999999998,1379053.3900000001,1361295.21,7.872976,17758.179999999997,27413.915,27494.5336,50
388,bigone,2023-04-25T03:29:32.688Z,15.702165999999998,1379053.35,1361295.25,7.872976,17758.1,27413.915,27494.5327,50
389,bigone,2023-04-25T03:29:34.083Z,15.702165999999998,1379053.27,1361295.2899999998,7.872976,17757.979999999996,27413.915,27494.5304,50
390,bigone,2023-04-25T03:29:35.483Z,15.702165999999998,1379053.23,1361295.3099999998,7.872976,17757.92,27413.915,27494.5292,50
391,bigone,2023-04-25T03:29:36.887Z,15.313285999999998,1379053.19,1360924.4800000002,8.051606,18128.71,27413.915,27485.5022,50
392,bigone,2023-04-25T03:29:38.358Z,15.702165999999998,1379053.1099999999,1361295.39,7.872976,17757.719999999998,27413.915,27494.526,50
393,bigone,2023-04-25T03:29:39.769Z,15.702165999999998,1379053.0699999998,1361295.43,7.872976,17757.639999999996,27413.915,27494.5252,50
394,bigone,2023-04-25T03:29:41.167Z,15.702165999999998,1379052.9899999998,1361295.51,7.872976,17757.48,27413.915,27494.5235,50
395,bigone,2023-04-25T03:29:42.554Z,15.702165999999998,1379052.95,1361295.55,7.872976,17757.399999999998,27413.915,27494.5226,50
396,bigone,2023-04-25T03:29:43.945Z,14.503802,1379360.3,1360924.6,8.051606,18435.7,27413.915,27487.042,50
397,bigone,2023-04-25T03:29:45.346Z,15.702165999999998,1379052.83,1361295.6300000001,7.872976,17757.199999999997,27413.915,27494.5194,50
398,bigone,2023-04-25T03:29:46.737Z,15.702165999999998,1379052.75,1361287.19,7.872976,17765.56,27413.27,27494.5061,50
399,bigone,2023-04-25T03:29:48.129Z,15.702165999999998,1379052.71,1361287.23,7.872976,17765.48,27413.27,27494.5053,50
400,bigone,2023-04-25T03:29:49.523Z,15.702165999999998,1379052.63,1361285.97,7.872976,17766.659999999996,27413.27,27494.5017,50
401,bigone,2023-04-25T03:29:50.921Z,15.702165999999998,1379052.5899999999,1361285.97,7.872976,17766.619999999995,27413.27,27494.5003,50
402,bigone,2023-04-25T03:29:52.318Z,15.702165999999998,1379052.5499999998,1361285.97,7.872976,17766.579999999998,27413.27,27494.4988,50
403,bigone,2023-04-25T03:29:53.712Z,15.702165999999998,1379052.47,1361285.97,7.872976,17766.499999999996,27413.27,27494.4958,50
404,bigone,2023-04-25T03:29:55.101Z,15.702165999999998,1379052.4300000002,1361285.97,7.872976,17766.459999999995,27413.27,27494.4944,50
405,bigone,2023-04-25T03:29:56.491Z,15.702165999999998,1379052.3900000001,1361285.97,7.872976,17766.42,27413.27,27494.4929,50
406,bigone,2023-04-25T03:29:57.883Z,15.702165999999998,1379052.31,1361285.97,7.872976,17766.339999999997,27413.27,27494.4899,50
407,bigone,2023-04-25T03:29:59.285Z,15.702165999999998,1379052.27,1361285.97,7.872976,17766.299999999996,27413.27,27494.4885,50
408,bigone,2023-04-25T03:30:00.668Z,15.702165999999998,1379052.19,1361285.97,7.872976,17766.219999999998,27413.27,27494.4855,50
409,bigone,2023-04-25T03:30:02.056Z,15.702165999999998,1379052.15,1361285.97,7.872976,17766.179999999997,27413.27,27494.484,50
410,bigone,2023-04-25T03:30:03.454Z,15.702165999999998,1379052.1099999999,1361285.97,7.872976,17766.139999999996,27413.27,27494.4826,50
411,bigone,2023-04-25T03:30:04.842Z,15.702165999999998,1379052.0299999998,1361285.97,7.872976,17766.059999999998,27413.27,27494.4796,50
412,bigone,2023-04-25T03:30:06.237Z,15.702165999999998,1379051.9899999998,1361285.97,7.872976,17766.019999999997,27413.27,27494.4781,50
413,bigone,2023-04-25T03:30:07.625Z,15.702165999999998,1379051.9300000002,1361285.97,7.872976,17765.959999999995,27413.27,27494.4756,50
414,bigone,2023-04-25T03:30:09.018Z,15.702165999999998,1379051.87,1361285.97,7.872976,17765.899999999998,27413.27,27494.4737,50
415,bigone,2023-04-25T03:30:10.413Z,15.702165999999998,1379051.83,1361285.97,7.872976,17765.859999999997,27413.27,27494.4722,50
416,bigone,2023-04-25T03:30:11.804Z,15.702165999999998,1379051.75,1361285.97,7.872976,17765.779999999995,27413.27,27494.4693,50
417,bigone,2023-04-25T03:30:13.202Z,15.702165999999998,1379051.71,1361285.97,7.872976,17765.739999999998,27413.27,27494.4678,50
418,bigone,2023-04-25T03:30:14.595Z,15.702165999999998,1379051.67,1361285.97,7.872976,17765.699999999997,27413.27,27494.4663,50
419,bigone,2023-04-25T03:30:15.995Z,15.702165999999998,1379051.5899999999,1361285.97,7.872976,17765.619999999995,27413.27,27494.4634,50
420,bigone,2023-04-25T03:30:17.395Z,15.702165999999998,1379051.5499999998,1361285.97,7.872976,17765.579999999998,27413.27,27494.4619,50
421,bigone,2023-04-25T03:30:18.818Z,15.702165999999998,1379051.47,1361285.97,7.872976,17765.499999999996,27413.27,27494.459,50
422,bigone,2023-04-25T03:30:20.219Z,15.702165999999998,1379051.4300000002,1361285.97,7.872976,17765.459999999995,27413.27,27494.4575,50
423,bigone,2023-04-25T03:30:21.623Z,15.702165999999998,1379051.3900000001,1361285.97,7.872976,17765.42,27413.27,27494.456,50
424,bigone,2023-04-25T03:30:23.008Z,15.702165999999998,1379051.31,1361285.97,7.872976,17765.339999999997,27413.27,27494.4531,50
425,bigone,2023-04-25T03:30:24.457Z,15.702165999999998,1379021.68,1361284.66,7.872976,17737.02,27409.76,27494.4096,50
426,bigone,2023-04-25T03:30:25.832Z,15.702165999999998,1379021.52,1361271.4,7.872976,17750.12,27408.515,27494.3867,50
427,bigone,2023-04-25T03:30:27.222Z,15.702165999999998,1379021.46,1361271.4,7.872976,17750.059999999998,27408.515,27494.3842,50
428,bigone,2023-04-25T03:30:28.623Z,15.702165999999998,1379021.4,1361271.4,7.872976,17750.0,27408.515,27494.3823,50
429,bigone,2023-04-25T03:30:30.071Z,15.702165999999998,1379021.36,1361271.4,7.872976,17749.96,27408.515,27494.3808,50
430,bigone,2023-04-25T03:30:31.463Z,15.702165999999998,1379021.28,1361271.4,7.872976,17749.879999999997,27408.515,27494.3779,50
431,bigone,2023-04-25T03:30:32.854Z,15.702165999999998,1379021.24,1361271.4,7.872976,17749.84,27408.515,27494.3764,50
432,bigone,2023-04-25T03:30:34.281Z,14.503801999999999,1379329.67,1361271.4,7.872976,18058.27,27408.515,27497.2121,50
433,bigone,2023-04-25T03:30:35.678Z,15.702165999999998,1379021.12,1361271.4,7.872976,17749.719999999998,27408.515,27494.372,50
434,bigone,2023-04-25T03:30:37.085Z,15.702165999999998,1379021.08,1361271.4,7.872976,17749.68,27408.515,27494.3705,50
435,bigone,2023-04-25T03:30:38.464Z,15.702165999999998,1379021.0,1361271.4,7.872976,17749.6,27408.515,27494.3676,50
436,bigone,2023-04-25T03:30:39.865Z,15.702165999999998,1379020.96,1361271.4,7.872976,17749.559999999998,27408.515,27494.3661,50
437,bigone,2023-04-25T03:30:41.258Z,15.702165999999998,1379020.92,1361271.4,7.872976,17749.52,27408.515,27494.3646,50
438,bigone,2023-04-25T03:30:42.650Z,15.702165999999998,1379020.84,1361271.4,7.872976,17749.44,27408.515,27494.3617,50
439,bigone,2023-04-25T03:30:44.062Z,15.702165999999998,1379020.8,1361271.4,7.872976,17749.399999999998,27408.515,27494.3602,50
440,bigone,2023-04-25T03:30:45.458Z,15.702165999999998,1378990.93,1361239.2,7.8729759999999995,17751.73,27403.76,27493.9775,50
441,bigone,2023-04-25T03:30:46.854Z,15.702165999999998,1378990.89,1361239.2,7.8729759999999995,17751.69,27403.76,27493.976,50
442,bigone,2023-04-25T03:30:48.238Z,15.702165999999998,1378990.85,1361239.2,7.8729759999999995,17751.649999999998,27403.76,27493.9745,50
443,bigone,2023-04-25T03:30:49.623Z,15.702165999999998,1378990.77,1361239.2,7.8729759999999995,17751.569999999996,27403.76,27493.9716,50
444,bigone,2023-04-25T03:30:51.016Z,15.702165999999998,1378990.73,1361239.2,7.8729759999999995,17751.53,27403.76,27493.9701,50
445,bigone,2023-04-25T03:30:52.401Z,15.702165999999998,1378990.67,1361239.2,7.8729759999999995,17751.469999999998,27403.76,27493.9676,50
446,bigone,2023-04-25T03:30:53.790Z,15.702165999999998,1378990.6099999999,1361239.2,7.8729759999999995,17751.409999999996,27403.76,27493.9657,50
447,bigone,2023-04-25T03:30:55.215Z,15.702165999999998,1378990.5699999998,1361239.2,7.8729759999999995,17751.37,27403.76,27493.9642,50
448,bigone,2023-04-25T03:30:56.595Z,15.702165999999998,1378990.49,1361239.2,7.8729759999999995,17751.289999999997,27403.76,27493.9613,50
449,bigone,2023-04-25T03:30:58.065Z,15.702165999999998,1378990.45,1361239.2,7.8729759999999995,17751.249999999996,27403.76,27493.9598,50
450,bigone,2023-04-25T03:30:59.468Z,15.702165999999998,1378990.39,1361239.2,7.8729759999999995,17751.19,27403.76,27493.9573,50
451,bigone,2023-04-25T03:31:01.144Z,15.702165999999998,1378990.33,1361239.2,7.8729759999999995,17751.129999999997,27403.76,27493.9554,50
452,bigone,2023-04-25T03:31:02.537Z,15.702165999999998,1378990.27,1361239.2,7.8729759999999995,17751.069999999996,27403.76,27493.9529,50
453,bigone,2023-04-25T03:31:03.925Z,15.702165999999998,1378990.21,1361239.2,7.8729759999999995,17751.01,27403.76,27493.9509,50
454,bigone,2023-04-25T03:31:05.319Z,15.702165999999998,1378990.17,1361239.2,7.8729759999999995,17750.969999999998,27403.76,27493.9495,50
455,bigone,2023-04-25T03:31:06.737Z,15.702165999999998,1378990.0899999999,1361239.2,7.8729759999999995,17750.89,27403.76,27493.9465,50
456,bigone,2023-04-25T03:31:08.128Z,15.702165999999998,1378990.0499999998,1361239.2,7.8729759999999995,17750.85,27403.76,27493.945,50
457,bigone,2023-04-25T03:31:09.530Z,14.503801999999999,1379299.2,1361239.2,7.8729759999999995,18060.000000000004,27403.76,27496.7962,50
458,bigone,2023-04-25T03:31:10.919Z,15.702165999999998,1378989.93,1361239.2,7.8729759999999995,17750.73,27403.76,27493.9406,50
459,bigone,2023-04-25T03:31:12.315Z,15.702165999999998,1378989.89,1361239.2,7.8729759999999995,17750.69,27403.76,27493.9391,50
460,bigone,2023-04-25T03:31:13.882Z,15.702165999999998,1378989.81,1361239.2,7.8729759999999995,17750.609999999997,27403.76,27493.9362,50
461,bigone,2023-04-25T03:31:15.285Z,15.702165999999998,1378989.77,1361239.2,7.8729759999999995,17750.569999999996,27403.76,27493.9347,50
462,bigone,2023-04-25T03:31:16.704Z,15.702165999999998,1378989.69,1361239.2,7.8729759999999995,17750.489999999998,27403.76,27493.9318,50
463,bigone,2023-04-25T03:31:18.109Z,15.702165999999998,1378989.65,1361239.2,7.8729759999999995,17750.449999999997,27403.76,27493.9303,50
464,bigone,2023-04-25T03:31:19.499Z,15.702165999999998,1378989.6099999999,1361239.2,7.8729759999999995,17750.409999999996,27403.76,27493.9288,50
465,bigone,2023-04-25T03:31:20.904Z,15.702165999999998,1378989.53,1361239.2,7.8729759999999995,17750.329999999998,27403.76,27493.9259,50
466,bigone,2023-04-25T03:31:22.296Z,15.702165999999998,1378989.49,1361239.2,7.8729759999999995,17750.289999999997,27403.76,27493.9244,50
467,bigone,2023-04-25T03:31:23.704Z,15.162681999999998,1379298.91,1361239.2,7.8729759999999995,18059.710000000003,27403.76,27495.1795,50
468,bigone,2023-04-25T03:31:25.094Z,15.702165999999998,1378989.37,1361239.2,7.8729759999999995,17750.17,27403.76,27493.92,50
469,bigone,2023-04-25T03:31:26.485Z,15.702165999999998,1378989.25,1361208.28,7.872976,17780.969999999998,27402.16,27493.6352,50
470,bigone,2023-04-25T03:31:27.916Z,15.702165999999998,1378989.17,1361208.28,7.872976,17780.89,27402.16,27493.6323,50
471,bigone,2023-04-25T03:31:29.313Z,15.702165999999998,1378989.0899999999,1361208.28,7.872976,17780.809999999998,27402.16,27493.6293,50
472,bigone,2023-04-25T03:31:30.711Z,15.702165999999998,1378989.0499999998,1361208.28,7.872976,17780.77,27402.16,27493.6278,50
473,bigone,2023-04-25T03:31:32.124Z,15.702165999999998,1378989.01,1361205.01,7.872976,17784.0,27402.16,27493.6213,50
474,bigone,2023-04-25T03:31:33.506Z,15.702165999999998,1378988.93,1361205.01,7.872976,17783.92,27402.16,27493.6183,50
475,bigone,2023-04-25T03:31:34.900Z,15.702165999999998,1378988.89,1361205.01,7.872976,17783.879999999997,27402.16,27493.6169,50
476,bigone,2023-04-25T03:31:36.290Z,15.702165999999998,1378988.83,1361205.01,7.872976,17783.82,27402.16,27493.6144,50
477,bigone,2023-04-25T03:31:37.683Z,15.702165999999998,1378988.77,1361205.01,7.872976,17783.76,27402.16,27493.6124,50
478,bigone,2023-04-25T03:31:39.078Z,15.702165999999998,1378988.73,1361205.01,7.872976,17783.719999999998,27402.16,27493.611,50
479,bigone,2023-04-25T03:31:40.470Z,15.702165999999998,1378988.65,1361205.01,7.872976,17783.64,27402.16,27493.608,50
480,bigone,2023-04-25T03:31:41.859Z,15.702165999999998,1378988.6099999999,1361205.01,7.872976,17783.6,27402.16,27493.6065,50
481,bigone,2023-04-25T03:31:43.252Z,14.503801999999999,1379298.48,1361205.01,7.872976,18093.47,27402.16,27496.4782,50
482,bigone,2023-04-25T03:31:44.645Z,15.702165999999998,1378988.49,1361205.01,7.872976,17783.48,27402.16,27493.6021,50
483,bigone,2023-04-25T03:31:46.037Z,15.702165999999998,1378988.45,1361205.01,7.872976,17783.44,27402.16,27493.6006,50
484,bigone,2023-04-25T03:31:47.431Z,15.702165999999998,1378988.37,1361205.01,7.872976,17783.36,27402.16,27493.5977,50
485,bigone,2023-04-25T03:31:48.820Z,15.702165999999998,1378988.33,1361205.01,7.872976,17783.32,27402.16,27493.5962,50
486,bigone,2023-04-25T03:31:50.211Z,15.702165999999998,1378988.29,1361205.01,7.872976,17783.28,27402.16,27493.5947,50
487,bigone,2023-04-25T03:31:51.614Z,15.702165999999998,1378988.21,1361205.01,7.872976,17783.2,27402.16,27493.5918,50
488,bigone,2023-04-25T03:31:53.019Z,15.702165999999998,1378988.17,1361205.01,7.872976,17783.16,27402.16,27493.5903,50
489,bigone,2023-04-25T03:31:54.413Z,15.702165999999998,1378988.1099999999,1361205.01,7.872976,17783.1,27402.16,27493.5878,50
490,bigone,2023-04-25T03:31:55.806Z,15.702165999999998,1378988.0499999998,1361205.01,7.872976,17783.04,27402.16,27493.5859,50
491,bigone,2023-04-25T03:31:57.205Z,15.702165999999998,1378988.01,1361205.01,7.872976,17783.0,27402.16,27493.5844,50
492,bigone,2023-04-25T03:31:58.596Z,15.702165999999998,1378987.89,1361198.27,7.872976,17789.62,27401.405,27493.5724,50
493,bigone,2023-04-25T03:31:59.991Z,15.702165999999998,1378987.85,1361198.27,7.872976,17789.579999999998,27401.405,27493.5709,50
494,bigone,2023-04-25T03:32:01.394Z,15.702165999999998,1378987.81,1361198.27,7.872976,17789.54,27401.405,27493.5694,50
495,bigone,2023-04-25T03:32:02.811Z,15.702165999999998,1378987.73,1361198.27,7.872976,17789.46,27401.405,27493.5665,50
496,bigone,2023-04-25T03:32:04.200Z,15.702165999999998,1378987.69,1361198.27,7.872976,17789.42,27401.405,27493.565,50
497,bigone,2023-04-25T03:32:05.593Z,15.702165999999998,1378987.6099999999,1361198.27,7.872976,17789.34,27401.405,27493.562,50
498,bigone,2023-04-25T03:32:06.981Z,15.702165999999998,1378987.5699999998,1361198.27,7.872976,17789.3,27401.405,27493.5606,50
499,bigone,2023-04-25T03:32:08.374Z,15.702165999999998,1378987.53,1361198.27,7.872976,17789.26,27401.405,27493.5591,50
500,bigone,2023-04-25T03:32:09.763Z,15.702165999999998,1378987.45,1361198.27,7.872976,17789.18,27401.405,27493.5561,50
501,bigone,2023-04-25T03:32:11.158Z,15.702165999999998,1378987.41,1361198.27,7.872976,17789.14,27401.405,27493.5547,50
502,bigone,2023-04-25T03:32:12.550Z,15.702165999999998,1378987.33,1361198.27,7.872976,17789.06,27401.405,27493.5517,50
503,bigone,2023-04-25T03:32:13.946Z,15.702165999999998,1378987.29,1361198.27,7.872976,17789.02,27401.405,27493.5502,50
504,bigone,2023-04-25T03:32:15.336Z,15.702165999999998,1378987.25,1361198.27,7.872976,17788.98,27401.405,27493.5488,50
505,bigone,2023-04-25T03:32:16.743Z,15.702165999999998,1378987.17,1361198.27,7.872976,17788.9,27401.405,27493.5458,50
506,bigone,2023-04-25T03:32:18.173Z,15.702165999999998,1378987.13,1361198.27,7.872976,17788.86,27401.405,27493.5443,50
507,bigone,2023-04-25T03:32:19.572Z,15.702165999999998,1378987.0699999998,1361198.27,7.872976,17788.8,27401.405,27493.5418,50
508,bigone,2023-04-25T03:32:20.968Z,15.702165999999998,1378987.01,1361198.27,7.872976,17788.74,27401.405,27493.5399,50
509,bigone,2023-04-25T03:32:22.363Z,15.702165999999998,1378986.97,1361198.27,7.872976,17788.7,27401.405,27493.5384,50
510,bigone,2023-04-25T03:32:23.812Z,15.702165999999998,1378986.89,1361198.27,7.872976,17788.62,27401.405,27493.5355,50
511,bigone,2023-04-25T03:32:25.205Z,15.702165999999998,1378986.85,1361198.27,7.872976,17788.579999999998,27401.405,27493.534,50
512,bigone,2023-04-25T03:32:26.650Z,15.702165999999998,1378986.79,1361198.27,7.872976,17788.52,27401.405,27493.5315,50
513,bigone,2023-04-25T03:32:28.042Z,15.702165999999998,1378986.73,1361198.27,7.872976,17788.46,27401.405,27493.5296,50
514,bigone,2023-04-25T03:32:29.434Z,15.702165999999998,1378986.69,1361198.27,7.872976,17788.42,27401.405,27493.5281,50
515,bigone,2023-04-25T03:32:30.825Z,15.702165999999998,1378986.6099999999,1361198.27,7.872976,17788.34,27401.405,27493.5252,50
516,bigone,2023-04-25T03:32:32.216Z,15.702165999999998,1378986.5699999998,1361198.27,7.872976,17788.3,27401.405,27493.5237,50
517,bigone,2023-04-25T03:32:33.620Z,15.702165999999998,1378986.53,1361198.27,7.872976,17788.26,27401.405,27493.5222,50
518,bigone,2023-04-25T03:32:35.011Z,15.702165999999998,1378986.45,1361198.27,7.872976,17788.18,27401.405,27493.5193,50
519,bigone,2023-04-25T03:32:36.442Z,15.702165999999998,1378986.41,1361198.27,7.872976,17788.14,27401.405,27493.5178,50
520,bigone,2023-04-25T03:32:37.839Z,15.702165999999998,1378986.33,1361198.27,7.872976,17788.06,27401.405,27493.5148,50
521,bigone,2023-04-25T03:32:39.229Z,15.702165999999998,1378986.29,1361198.27,7.872976,17788.02,27401.405,27493.5134,50
522,bigone,2023-04-25T03:32:40.638Z,15.702165999999998,1378986.25,1361198.27,7.872976,17787.98,27401.405,27493.5119,50
523,bigone,2023-04-25T03:32:42.035Z,15.702165999999998,1378986.17,1361198.27,7.872976,17787.9,27401.405,27493.5089,50
524,bigone,2023-04-25T03:32:43.424Z,15.702165999999998,1378986.13,1361198.27,7.872976,17787.86,27401.405,27493.5074,50
525,bigone,2023-04-25T03:32:44.815Z,15.702165999999998,1378986.0499999998,1361198.27,7.872976,17787.78,27401.405,27493.5045,50
526,bigone,2023-04-25T03:32:46.209Z,15.702165999999998,1378986.01,1361198.27,7.872976,17787.74,27401.405,27493.503,50
527,bigone,2023-04-25T03:32:47.609Z,15.702165999999998,1378985.97,1361198.27,7.872976,17787.7,27401.405,27493.5015,50
528,bigone,2023-04-25T03:32:48.997Z,15.702165999999998,1378985.89,1361198.27,7.872976,17787.62,27401.405,27493.4986,50
529,bigone,2023-04-25T03:32:50.390Z,15.702165999999998,1378985.85,1361198.27,7.872976,17787.579999999998,27401.405,27493.4971,50
530,bigone,2023-04-25T03:32:51.790Z,15.702165999999998,1378949.6700000002,1361168.0599999998,7.872976,17781.61,27396.125,27493.1992,50
531,bigone,2023-04-25T03:32:53.191Z,15.702165999999998,1378949.59,1361168.1199999999,7.872976,17781.469999999998,27396.125,27493.1972,50
532,bigone,2023-04-25T03:32:54.593Z,15.702165999999998,1378949.55,1361168.16,7.872976,17781.39,27396.125,27493.1964,50
533,bigone,2023-04-25T03:32:55.984Z,15.702165999999998,1378949.4700000002,1361168.24,7.872976,17781.23,27396.125,27493.1947,50
534,bigone,2023-04-25T03:32:57.374Z,15.702165999999998,1378949.35,1361148.0599999998,7.872976,17801.289999999997,27394.095,27493.1656,50
535,bigone,2023-04-25T03:32:58.778Z,15.702165999999998,1378949.31,1361148.0599999998,7.872976,17801.249999999996,27394.095,27493.1641,50
536,bigone,2023-04-25T03:33:00.167Z,15.702165999999998,1378949.27,1361148.0599999998,7.872976,17801.21,27394.095,27493.1626,50
537,bigone,2023-04-25T03:33:01.566Z,15.702165999999998,1378949.1900000002,1361148.0599999998,7.872976,17801.129999999997,27394.095,27493.1597,50
538,bigone,2023-04-25T03:33:02.982Z,15.702165999999998,1378949.1500000001,1361148.0599999998,7.872976,17801.089999999997,27394.095,27493.1582,50
539,bigone,2023-04-25T03:33:04.364Z,15.702165999999998,1378949.09,1361148.0599999998,7.872976,17801.03,27394.095,27493.1557,50
540,bigone,2023-04-25T03:33:05.757Z,15.702165999999998,1378949.0300000003,1361148.0599999998,7.872976,17800.969999999998,27394.095,27493.1538,50
541,bigone,2023-04-25T03:33:07.147Z,15.702165999999998,1378948.9900000002,1361148.0599999998,7.872976,17800.929999999997,27394.095,27493.1523,50
542,bigone,2023-04-25T03:33:08.538Z,15.702165999999998,1378948.9100000001,1361148.0599999998,7.872976,17800.85,27394.095,27493.1493,50
543,bigone,2023-04-25T03:33:09.940Z,15.702165999999998,1378948.87,1361148.0599999998,7.872976,17800.809999999998,27394.095,27493.1479,50
544,bigone,2023-04-25T03:33:11.354Z,15.702165999999998,1378948.83,1361148.0599999998,7.872976,17800.769999999997,27394.095,27493.1464,50
545,bigone,2023-04-25T03:33:12.728Z,15.702165999999998,1378948.75,1361148.0599999998,7.872976,17800.69,27394.095,27493.1434,50
546,bigone,2023-04-25T03:33:14.120Z,15.702165999999998,1378948.71,1361148.0599999998,7.872976,17800.649999999998,27394.095,27493.1419,50
547,bigone,2023-04-25T03:33:15.505Z,15.162681999999998,1379260.4699999997,1361148.0599999998,7.872976,18112.41,27394.095,27494.4336,50
548,bigone,2023-04-25T03:33:16.894Z,15.702165999999998,1378948.59,1361148.0599999998,7.872976,17800.53,27394.095,27493.1375,50
549,bigone,2023-04-25T03:33:18.295Z,15.702165999999998,1378948.55,1361148.0599999998,7.872976,17800.489999999998,27394.095,27493.136,50
550,bigone,2023-04-25T03:33:19.690Z,15.702165999999998,1378948.4700000002,1361148.0599999998,7.872976,17800.409999999996,27394.095,27493.1331,50
551,bigone,2023-04-25T03:33:21.092Z,15.702165999999998,1378948.4300000002,1361148.0599999998,7.872976,17800.37,27394.095,27493.1316,50
552,bigone,2023-04-25T03:33:22.472Z,15.702165999999998,1378973.3900000001,1361182.78,7.872976,17790.609999999997,27399.975,27493.2045,50
553,bigone,2023-04-25T03:33:23.877Z,15.702165999999998,1378975.33,1361182.8,7.872976,17792.53,27399.975,27493.2064,50
554,bigone,2023-04-25T03:33:25.268Z,15.702165999999998,1378975.29,1361182.84,7.872976,17792.449999999997,27399.975,27493.2056,50
555,bigone,2023-04-25T03:33:26.655Z,15.702165999999998,1378975.21,1361182.9000000001,7.872976,17792.309999999998,27399.975,27493.2032,50
556,bigone,2023-04-25T03:33:28.091Z,15.702165999999998,1378975.1700000002,1361182.9200000002,7.872976,17792.25,27399.975,27493.202,50
557,bigone,2023-04-25T03:33:29.479Z,14.547763999999999,1378670.32,1361182.94,7.872976,17487.38,27399.975,27480.3559,50
558,bigone,2023-04-25T03:33:30.864Z,15.702165999999998,1378975.05,1361183.0,7.872976,17792.05,27399.975,27493.1992,50
559,bigone,2023-04-25T03:33:32.256Z,15.702165999999998,1378975.01,1361183.04,7.872976,17791.969999999998,27399.975,27493.1983,50
560,bigone,2023-04-25T03:33:33.659Z,15.702165999999998,1378974.9300000002,1361183.1199999999,7.872976,17791.809999999998,27399.975,27493.1966,50
561,bigone,2023-04-25T03:33:35.044Z,15.702165999999998,1378974.8900000001,1361183.14,7.872976,17791.749999999996,27399.975,27493.1954,50
562,bigone,2023-04-25T03:33:36.435Z,15.702165999999998,1378974.85,1361183.16,7.872976,17791.689999999995,27399.975,27493.1943,50
563,bigone,2023-04-25T03:33:37.828Z,15.702165999999998,1378974.77,1361183.24,7.872976,17791.53,27399.975,27493.1926,50
564,bigone,2023-04-25T03:33:39.214Z,15.702165999999998,1378974.73,1361183.28,7.872976,17791.449999999997,27399.975,27493.1917,50
565,bigone,2023-04-25T03:33:40.604Z,14.503801999999999,1379287.04,1360827.6800000002,8.051606,18459.359999999997,27399.975,27486.1793,50
566,bigone,2023-04-25T03:33:42.009Z,15.702165999999998,1378974.61,1361183.34,7.872976,17791.269999999997,27399.975,27493.1882,50
567,bigone,2023-04-25T03:33:43.392Z,15.702165999999998,1378974.57,1361183.3800000001,7.872976,17791.19,27399.975,27493.1874,50
568,bigone,2023-04-25T03:33:44.807Z,15.702166,1378997.37,1361213.8,7.872976,17783.569999999996,27405.605,27493.2507,50
569,bigone,2023-04-25T03:33:46.184Z,15.702166,1378997.31,1360858.1,8.051606,18139.21,27405.605,27483.7801,50
570,bigone,2023-04-25T03:33:47.582Z,15.702166,1378997.25,1361213.88,7.872976,17783.37,27405.605,27493.2475,50
571,bigone,2023-04-25T03:33:48.979Z,15.702166,1378997.21,1361213.9,7.872976,17783.309999999998,27405.605,27493.2463,50
572,bigone,2023-04-25T03:33:50.372Z,15.702166,1378997.13,1361213.96,7.872976,17783.17,27405.605,27493.2443,50
573,bigone,2023-04-25T03:33:51.751Z,15.702166,1378997.09,1361214.0,7.872976,17783.089999999997,27405.605,27493.2434,50
574,bigone,2023-04-25T03:33:53.135Z,15.702166,1378997.05,1361214.02,7.872976,17783.03,27405.605,27493.2423,50
575,bigone,2023-04-25T03:33:54.511Z,15.702166,1378996.9700000002,1361214.08,7.872976,17782.89,27405.605,27493.2403,50
576,bigone,2023-04-25T03:33:55.897Z,15.702166,1378996.9300000002,1361214.1,7.872976,17782.829999999998,27405.605,27493.2391,50
577,bigone,2023-04-25T03:33:57.289Z,15.702166,1378996.87,1361214.16,7.872976,17782.71,27405.605,27493.2375,50
578,bigone,2023-04-25T03:33:58.680Z,15.702166,1378996.81,1361214.22,7.872976,17782.59,27405.605,27493.2365,50
579,bigone,2023-04-25T03:34:00.064Z,15.702166,1378996.77,1361214.26,7.872976,17782.51,27405.605,27493.2357,50
580,bigone,2023-04-25T03:34:01.456Z,15.702166,1378996.69,1361214.34,7.872976,17782.35,27405.605,27493.234,50
581,bigone,2023-04-25T03:34:02.840Z,15.702166,1378996.65,1361214.36,7.872976,17782.289999999997,27405.605,27493.2328,50
582,bigone,2023-04-25T03:34:04.228Z,15.702166,1378996.6099999999,1361214.38,7.872976,17782.23,27405.605,27493.2316,50
583,bigone,2023-04-25T03:34:05.628Z,15.702166,1378996.53,1361214.46,7.872976,17782.069999999996,27405.605,27493.2299,50
584,bigone,2023-04-25T03:34:07.006Z,15.702166,1378996.4900000002,1361214.5,7.872976,17781.989999999998,27405.605,27493.2291,50
585,bigone,2023-04-25T03:34:08.422Z,15.702166,1378996.4100000001,1361214.56,7.872976,17781.85,27405.605,27493.227,50
586,bigone,2023-04-25T03:34:09.816Z,15.702166,1378996.37,1361214.58,7.872976,17781.789999999997,27405.605,27493.2259,50
587,bigone,2023-04-25T03:34:11.211Z,15.702166,1378996.33,1361214.6,7.872976,17781.73,27405.605,27493.2247,50
588,bigone,2023-04-25T03:34:12.621Z,15.702166,1378996.25,1361214.66,7.872976,17781.589999999997,27405.605,27493.2227,50
589,bigone,2023-04-25T03:34:14.006Z,15.702166,1378996.21,1361214.7,7.872976,17781.51,27405.605,27493.2218,50
590,bigone,2023-04-25T03:34:15.404Z,15.702166,1378996.15,1361214.74,7.872976,17781.41,27405.605,27493.22,50
591,bigone,2023-04-25T03:34:16.808Z,15.702166,1378996.09,1361214.78,7.872976,17781.309999999998,27405.605,27493.2186,50
592,bigone,2023-04-25T03:34:18.198Z,15.702166,1378996.05,1361214.82,7.872976,17781.229999999996,27405.605,27493.2178,50
593,bigone,2023-04-25T03:34:19.591Z,15.702166,1378995.9700000002,1361214.9,7.872976,17781.07,27405.605,27493.2161,50
594,bigone,2023-04-25T03:34:20.977Z,15.702166,1378995.9300000002,1361214.92,7.872976,17781.01,27405.605,27493.2149,50
595,bigone,2023-04-25T03:34:22.364Z,15.702166,1378995.8900000001,1361214.94,7.872976,17780.949999999997,27405.605,27493.2137,50
596,bigone,2023-04-25T03:34:23.751Z,15.702166,1378995.81,1361214.98,7.872976,17780.829999999998,27405.605,27493.2114,50
597,bigone,2023-04-25T03:34:25.141Z,15.702166,1378995.77,1361215.02,7.872976,17780.75,27405.605,27493.2106,50
598,bigone,2023-04-25T03:34:26.538Z,15.162682,1379309.0299999998,1361215.1,7.872976,18093.93,27405.605,27494.5402,50
599,bigone,2023-04-25T03:34:27.930Z,15.702166,1378995.65,1361204.57,7.872976,17791.079999999998,27404.9,27493.1944,50
600,bigone,2023-04-25T03:34:29.315Z,15.702166,1378995.6099999999,1361204.61,7.872976,17790.999999999996,27404.9,27493.1935,50
601,bigone,2023-04-25T03:34:30.718Z,15.702166,1378995.53,1361204.6500000001,7.872976,17790.879999999997,27404.9,27493.1912,50
602,bigone,2023-04-25T03:34:32.110Z,15.702166,1378995.4900000002,1361204.67,7.872976,17790.82,27404.9,27493.19,50
603,bigone,2023-04-25T03:34:33.504Z,15.702166,1378995.4300000002,1361204.71,7.872976,17790.719999999998,27404.9,27493.1881,50
604,bigone,2023-04-25T03:34:34.892Z,15.702166,1378995.37,1361204.77,7.872976,17790.6,27404.9,27493.1871,50
605,bigone,2023-04-25T03:34:36.299Z,15.702166,1378995.33,1361204.79,7.872976,17790.539999999997,27404.9,27493.1859,50
606,bigone,2023-04-25T03:34:37.680Z,15.702166,1378995.25,1361204.8699999999,7.872976,17790.379999999997,27404.9,27493.1842,50
607,bigone,2023-04-25T03:34:39.066Z,15.702166,1378995.21,1361204.91,7.872976,17790.3,27404.9,27493.1834,50
608,bigone,2023-04-25T03:34:40.462Z,15.702166,1378995.17,1361204.95,7.872976,17790.219999999998,27404.9,27493.1825,50
609,bigone,2023-04-25T03:34:41.856Z,15.702166,1378995.09,1361205.01,7.872976,17790.079999999998,27404.9,27493.1805,50
610,bigone,2023-04-25T03:34:43.304Z,15.702165999999998,1378962.9,1361194.76,7.8729759999999995,17768.14,27400.375,27493.1233,50
611,bigone,2023-04-25T03:34:44.681Z,15.702165999999998,1378962.8599999999,1361194.78,7.8729759999999995,17768.08,27400.375,27493.1221,50
612,bigone,2023-04-25T03:34:46.056Z,15.702165999999998,1378962.8199999998,1361194.82,7.8729759999999995,17768.0,27400.375,27493.1213,50
613,bigone,2023-04-25T03:34:47.457Z,15.702165999999998,1378962.74,1361194.9000000001,7.8729759999999995,17767.84,27400.375,27493.1195,50
614,bigone,2023-04-25T03:34:48.836Z,15.702165999999998,1378962.7,1361194.9200000002,7.8729759999999995,17767.78,27400.375,27493.1184,50
615,bigone,2023-04-25T03:34:50.217Z,15.702165999999998,1378962.6199999999,1361194.9600000002,7.8729759999999995,17767.66,27400.375,27493.116,50
616,bigone,2023-04-25T03:34:51.610Z,15.702165999999998,1378962.58,1361195.0,7.8729759999999995,17767.579999999998,27400.375,27493.1152,50
617,bigone,2023-04-25T03:34:53.001Z,15.702165999999998,1378962.54,1361195.04,7.8729759999999995,17767.5,27400.375,27493.1143,50
618,bigone,2023-04-25T03:34:54.393Z,15.702165999999998,1378962.46,1361195.1,7.8729759999999995,17767.36,27400.375,27493.1123,50
619,bigone,2023-04-25T03:34:55.782Z,15.702165999999998,1378962.42,1361195.14,7.8729759999999995,17767.28,27400.375,27493.1115,50
620,bigone,2023-04-25T03:34:57.148Z,14.503801999999999,1379276.31,1360838.3200000003,8.051606,18437.99,27400.375,27486.1583,50
621,bigone,2023-04-25T03:34:58.541Z,15.702165999999998,1378962.2999999998,1361195.2,7.8729759999999995,17767.1,27400.375,27493.1079,50
622,bigone,2023-04-25T03:34:59.922Z,15.702165999999998,1378962.26,1361195.24,7.8729759999999995,17767.02,27400.375,27493.1071,50
623,bigone,2023-04-25T03:35:01.320Z,15.702165999999998,1378962.18,1361195.32,7.8729759999999995,17766.86,27400.375,27493.1054,50
624,bigone,2023-04-25T03:35:02.698Z,15.702165999999998,1378962.14,1361195.34,7.8729759999999995,17766.8,27400.375,27493.1042,50
625,bigone,2023-04-25T03:35:04.094Z,15.702165999999998,1378962.0999999999,1361195.36,7.8729759999999995,17766.74,27400.375,27493.103,50
626,bigone,2023-04-25T03:35:05.488Z,15.702165999999998,1378962.02,1361195.4000000001,7.8729759999999995,17766.62,27400.375,27493.1007,50
627,bigone,2023-04-25T03:35:06.864Z,15.702165999999998,1378961.98,1361195.4400000002,7.8729759999999995,17766.54,27400.375,27493.0998,50
628,bigone,2023-04-25T03:35:08.247Z,15.702165999999998,1378961.92,1361195.5,7.8729759999999995,17766.42,27400.375,27493.0983,50
629,bigone,2023-04-25T03:35:09.636Z,15.702165999999998,1378961.8599999999,1361195.56,7.8729759999999995,17766.3,27400.375,27493.0973,50
630,bigone,2023-04-25T03:35:11.029Z,15.702165999999998,1378961.8199999998,1361195.58,7.8729759999999995,17766.24,27400.375,27493.0961,50
631,bigone,2023-04-25T03:35:12.420Z,15.702165999999998,1378961.74,1361195.64,7.8729759999999995,17766.1,27400.375,27493.0941,50
632,bigone,2023-04-25T03:35:13.822Z,15.702165999999998,1378961.7,1361195.68,7.8729759999999995,17766.02,27400.375,27493.0932,50
633,bigone,2023-04-25T03:35:15.221Z,15.702165999999998,1378961.66,1361195.72,7.8729759999999995,17765.94,27400.375,27493.0924,50
634,bigone,2023-04-25T03:35:16.606Z,15.702165999999998,1378961.58,1361195.8,7.8729759999999995,17765.78,27400.375,27493.0907,50
635,bigone,2023-04-25T03:35:17.990Z,15.702165999999998,1378961.54,1361195.84,7.8729759999999995,17765.7,27400.375,27493.0898,50
636,bigone,2023-04-25T03:35:19.384Z,15.702165999999998,1378961.48,1361195.9000000001,7.8729759999999995,17765.579999999998,27400.375,27493.0883,50
637,bigone,2023-04-25T03:35:20.776Z,15.702165999999998,1378961.42,1361195.9600000002,7.8729759999999995,17765.46,27400.375,27493.0872,50
638,bigone,2023-04-25T03:35:22.211Z,15.702165999999998,1378961.38,1361196.0,7.8729759999999995,17765.38,27400.375,27493.0864,50
639,bigone,2023-04-25T03:35:23.620Z,15.702165999999998,1378961.2999999998,1361196.06,7.8729759999999995,17765.24,27400.375,27493.0844,50
640,bigone,2023-04-25T03:35:25.007Z,15.702165999999998,1378961.26,1361196.08,7.8729759999999995,17765.18,27400.375,27493.0832,50
641,bigone,2023-04-25T03:35:26.378Z,15.702165999999998,1378961.22,1361196.1,7.8729759999999995,17765.12,27400.375,27493.082,50
642,bigone,2023-04-25T03:35:27.769Z,15.702165999999998,1378961.0999999999,1361191.25,7.872976,17769.85,27399.755,27493.073,50
643,bigone,2023-04-25T03:35:29.152Z,15.702165999999998,1378961.02,1361180.4800000002,7.872976,17780.539999999997,27398.77,27493.0571,50
644,bigone,2023-04-25T03:35:30.541Z,15.702165999999998,1378960.94,1361175.9799999997,7.872976,17784.96,27398.575,27493.0489,50
645,bigone,2023-04-25T03:35:31.923Z,15.702165999999998,1378925.9700000002,1361159.57,7.8729759999999995,17766.399999999998,27393.15,27492.9782,50
646,bigone,2023-04-25T03:35:33.315Z,15.702165999999998,1378925.9300000002,1361159.57,7.8729759999999995,17766.359999999997,27393.15,27492.9767,50
647,bigone,2023-04-25T03:35:34.784Z,15.702165999999998,1378925.8900000001,1361159.57,7.8729759999999995,17766.319999999996,27393.15,27492.9752,50
648,bigone,2023-04-25T03:35:36.183Z,15.702165999999998,1378925.81,1361159.57,7.8729759999999995,17766.239999999998,27393.15,27492.9723,50
649,bigone,2023-04-25T03:35:37.576Z,15.702165999999998,1378925.77,1361159.57,7.8729759999999995,17766.199999999997,27393.15,27492.9708,50
650,bigone,2023-04-25T03:35:38.953Z,15.702165999999998,1378925.71,1361159.57,7.8729759999999995,17766.14,27393.15,27492.9683,50
651,bigone,2023-04-25T03:35:40.359Z,15.702165999999998,1378925.6500000001,1361159.57,7.8729759999999995,17766.079999999998,27393.15,27492.9664,50
652,bigone,2023-04-25T03:35:41.740Z,15.702165999999998,1378925.61,1361159.57,7.8729759999999995,17766.039999999997,27393.15,27492.9649,50
653,bigone,2023-04-25T03:35:43.138Z,15.702165999999998,1378925.53,1361159.57,7.8729759999999995,17765.96,27393.15,27492.962,50
654,bigone,2023-04-25T03:35:44.531Z,15.702165999999998,1378925.49,1361159.57,7.8729759999999995,17765.92,27393.15,27492.9605,50
655,bigone,2023-04-25T03:35:45.923Z,15.702165999999998,1378925.4500000002,1361159.57,7.8729759999999995,17765.879999999997,27393.15,27492.959,50
656,bigone,2023-04-25T03:35:47.314Z,15.702165999999998,1378925.37,1361159.57,7.8729759999999995,17765.8,27393.15,27492.9561,50
657,bigone,2023-04-25T03:35:48.705Z,15.702165999999998,1378925.33,1361159.57,7.8729759999999995,17765.76,27393.15,27492.9546,50
658,bigone,2023-04-25T03:35:50.097Z,15.702165999999998,1378925.27,1361159.57,7.8729759999999995,17765.699999999997,27393.15,27492.9521,50
659,bigone,2023-04-25T03:35:51.488Z,15.702165999999998,1378925.21,1361159.57,7.8729759999999995,17765.64,27393.15,27492.9502,50
660,bigone,2023-04-25T03:35:52.881Z,15.702165999999998,1378925.1700000002,1361159.57,7.8729759999999995,17765.6,27393.15,27492.9487,50
661,bigone,2023-04-25T03:35:54.270Z,15.702165999999998,1378925.09,1361159.57,7.8729759999999995,17765.519999999997,27393.15,27492.9457,50
662,bigone,2023-04-25T03:35:55.704Z,15.702165999999998,1378925.05,1361159.57,7.8729759999999995,17765.479999999996,27393.15,27492.9443,50
663,bigone,2023-04-25T03:35:57.093Z,14.503801999999999,1379240.1999999997,1361159.57,7.8729759999999995,18080.63,27393.15,27496.0633,50
664,bigone,2023-04-25T03:35:58.504Z,15.702165999999998,1378924.9300000002,1361159.57,7.8729759999999995,17765.359999999997,27393.15,27492.9398,50
665,bigone,2023-04-25T03:35:59.910Z,15.702165999999998,1378924.8900000001,1361159.57,7.8729759999999995,17765.319999999996,27393.15,27492.9384,50
666,bigone,2023-04-25T03:36:01.300Z,15.702165999999998,1378924.81,1361159.57,7.8729759999999995,17765.239999999998,27393.15,27492.9354,50
667,bigone,2023-04-25T03:36:02.809Z,15.702165999999998,1378924.77,1361159.57,7.8729759999999995,17765.199999999997,27393.15,27492.9339,50
668,bigone,2023-04-25T03:36:04.384Z,15.702682,1379151.66,1361038.34,7.872976,18113.32,27390.66,27491.2409,50
669,bigone,2023-04-25T03:36:05.814Z,15.702682,1379151.66,1361038.34,7.872976,18113.32,27390.66,27491.2409,50
670,bigone,2023-04-25T03:36:07.299Z,15.702682,1379151.66,1361038.34,7.872976,18113.32,27390.66,27491.2409,50
671,bigone,2023-04-25T03:36:08.689Z,15.702682,1379151.66,1361038.34,7.872976,18113.32,27390.66,27491.2409,50
672,bigone,2023-04-25T03:36:10.081Z,15.702682,1379151.66,1361038.34,7.872976,18113.32,27390.66,27491.2409,50
673,bigone,2023-04-25T03:36:11.488Z,15.702682,1379151.66,1361038.34,7.872976,18113.32,27390.66,27491.2409,50
674,bigone,2023-04-25T03:36:12.878Z,15.702682,1379151.66,1361038.34,7.872976,18113.32,27390.66,27491.2409,50
675,bigone,2023-04-25T03:36:14.273Z,15.702682,1379151.66,1361038.34,7.872976,18113.32,27390.66,27491.2409,50
676,bigone,2023-04-25T03:36:15.672Z,15.702682,1379151.66,1361038.34,7.872976,18113.32,27390.66,27491.2409,50
677,bigone,2023-04-25T03:36:17.054Z,15.702682,1379151.66,1361038.34,7.872976,18113.32,27390.66,27491.2409,50
678,bigone,2023-04-25T03:36:18.447Z,15.702682,1379151.66,1361038.34,7.872976,18113.32,27390.66,27491.2409,50
679,bigone,2023-04-25T03:36:19.836Z,17.072525000000002,1379514.9699999997,1361069.17,7.872976,18445.800000000003,27394.36,27505.6945,50
680,bigone,2023-04-25T03:36:21.226Z,15.702681999999998,1379170.2699999998,1360711.8900000001,8.440485999999998,18458.38,27395.615,27479.9618,50
681,bigone,2023-04-25T03:36:22.622Z,15.702682,1379270.51,1360817.4100000001,8.440485999999998,18453.1,27401.91,27480.8513,50
682,bigone,2023-04-25T03:36:24.013Z,15.702682,1379270.51,1360817.4500000002,8.440485999999998,18453.06,27401.91,27480.8524,50
683,bigone,2023-04-25T03:36:25.404Z,15.702682,1379270.51,1360817.5100000002,8.440486,18452.999999999996,27401.91,27480.854,50
684,bigone,2023-04-25T03:36:26.795Z,15.702682,1379270.51,1360817.5700000003,8.440485999999998,18452.94,27401.91,27480.8555,50
685,bigone,2023-04-25T03:36:28.186Z,15.702682,1379270.51,1360817.6100000003,8.440485999999998,18452.899999999998,27401.91,27480.8566,50
686,bigone,2023-04-25T03:36:29.579Z,15.702682,1379270.51,1360817.6900000002,8.440485999999998,18452.819999999996,27401.91,27480.8587,50
687,bigone,2023-04-25T03:36:30.969Z,15.702682,1379270.51,1360817.73,8.440485999999998,18452.78,27401.91,27480.8597,50
688,bigone,2023-04-25T03:36:32.362Z,15.702682,1379270.51,1360817.77,8.440485999999998,18452.74,27401.91,27480.8608,50
689,bigone,2023-04-25T03:36:33.750Z,15.702682,1379270.51,1360817.85,8.440485999999998,18452.66,27401.91,27480.8629,50
690,bigone,2023-04-25T03:36:35.144Z,15.702682,1379270.51,1360817.8900000001,8.440485999999998,18452.62,27401.91,27480.8639,50
691,bigone,2023-04-25T03:36:36.532Z,15.702682,1379270.51,1360817.9700000002,8.440485999999998,18452.539999999997,27401.91,27480.866,50
692,bigone,2023-04-25T03:36:37.924Z,15.702682,1379270.51,1360818.0100000002,8.440485999999998,18452.499999999996,27401.91,27480.8671,50
693,bigone,2023-04-25T03:36:39.324Z,15.702682,1379270.51,1360818.0500000003,8.440485999999998,18452.46,27401.91,27480.8682,50
694,bigone,2023-04-25T03:36:40.738Z,15.702682,1379270.51,1360818.1300000001,8.440485999999998,18452.38,27401.91,27480.8703,50
695,bigone,2023-04-25T03:36:42.143Z,15.702682,1379270.51,1360818.1700000002,8.440485999999998,18452.34,27401.91,27480.8713,50
696,bigone,2023-04-25T03:36:43.538Z,15.702682,1379270.51,1360818.23,8.440486,18452.28,27401.91,27480.873,50
697,bigone,2023-04-25T03:36:44.929Z,15.702682,1379270.51,1360818.29,8.440485999999998,18452.219999999998,27401.91,27480.8745,50
698,bigone,2023-04-25T03:36:46.320Z,15.702682,1379270.51,1360818.33,8.440485999999998,18452.179999999997,27401.91,27480.8755,50
699,bigone,2023-04-25T03:36:47.709Z,15.702682,1379270.51,1360818.4100000001,8.440485999999998,18452.1,27401.91,27480.8776,50
700,bigone,2023-04-25T03:36:49.099Z,15.702682,1379270.51,1360818.4500000002,8.440485999999998,18452.06,27401.91,27480.8787,50
701,bigone,2023-04-25T03:36:50.505Z,15.702682,1379270.51,1360818.4900000002,8.440485999999998,18452.02,27401.91,27480.8797,50
702,bigone,2023-04-25T03:36:51.898Z,15.702682,1379270.51,1360818.5700000003,8.440485999999998,18451.94,27401.91,27480.8818,50
703,bigone,2023-04-25T03:36:53.288Z,15.702682,1379270.51,1360818.6100000003,8.440485999999998,18451.899999999998,27401.91,27480.8829,50
704,bigone,2023-04-25T03:36:54.679Z,15.702682,1379270.51,1360818.6900000002,8.440485999999998,18451.819999999996,27401.91,27480.885,50
705,bigone,2023-04-25T03:36:56.078Z,15.702682,1379270.51,1360818.73,8.440485999999998,18451.78,27401.91,27480.886,50
706,bigone,2023-04-25T03:36:57.471Z,15.702682,1379270.51,1360818.77,8.440485999999998,18451.74,27401.91,27480.8871,50
707,bigone,2023-04-25T03:36:58.858Z,15.702682,1379270.51,1360818.85,8.440485999999998,18451.66,27401.91,27480.8892,50
708,bigone,2023-04-25T03:37:00.282Z,15.702682,1379270.51,1360818.8900000001,8.440485999999998,18451.62,27401.91,27480.8902,50
709,bigone,2023-04-25T03:37:01.677Z,15.702682,1379270.51,1360818.9500000002,8.440486,18451.56,27401.91,27480.8919,50
710,bigone,2023-04-25T03:37:03.070Z,15.702682,1379270.51,1360819.0100000002,8.440485999999998,18451.499999999996,27401.91,27480.8934,50
711,bigone,2023-04-25T03:37:04.471Z,15.702682,1379270.51,1360819.0500000003,8.440485999999998,18451.46,27401.91,27480.8944,50
712,bigone,2023-04-25T03:37:05.861Z,15.702682,1379270.51,1360819.1300000001,8.440485999999998,18451.38,27401.91,27480.8965,50
713,bigone,2023-04-25T03:37:07.239Z,15.702682,1379270.51,1360819.1700000002,8.440485999999998,18451.34,27401.91,27480.8976,50
714,bigone,2023-04-25T03:37:08.629Z,15.702681999999998,1379282.3199999998,1360819.27,8.440486,18463.05,27403.085,27480.9154,50
715,bigone,2023-04-25T03:37:10.023Z,15.702165999999998,1378998.96,1360856.19,8.440486,18142.769999999997,27408.635,27481.2193,50
716,bigone,2023-04-25T03:37:11.411Z,15.702165999999998,1378998.96,1360856.23,8.440486,18142.729999999996,27408.635,27481.2203,50
717,bigone,2023-04-25T03:37:12.803Z,15.702165999999998,1378998.96,1360856.31,8.440486,18142.649999999998,27408.635,27481.2224,50
718,bigone,2023-04-25T03:37:14.192Z,15.702165999999998,1378998.96,1360856.35,8.440486,18142.609999999997,27408.635,27481.2235,50
719,bigone,2023-04-25T03:37:15.585Z,15.702165999999998,1378998.96,1360856.3900000001,8.440486,18142.57,27408.635,27481.2245,50
720,bigone,2023-04-25T03:37:16.978Z,15.702165999999998,1378998.96,1360856.4700000002,8.440486,18142.489999999998,27408.635,27481.2266,50
721,bigone,2023-04-25T03:37:18.376Z,15.702165999999998,1378998.96,1360856.5100000002,8.440486,18142.449999999997,27408.635,27481.2277,50
722,bigone,2023-04-25T03:37:19.757Z,15.702165999999998,1378998.96,1360856.57,8.440486,18142.39,27408.635,27481.2293,50
723,bigone,2023-04-25T03:37:21.160Z,15.702165999999998,1378998.96,1360856.6300000001,8.440486,18142.329999999998,27408.635,27481.2308,50
724,bigone,2023-04-25T03:37:22.546Z,15.702165999999998,1378998.96,1360856.67,8.440486,18142.289999999997,27408.635,27481.2319,50
725,bigone,2023-04-25T03:37:23.930Z,15.702165999999998,1378998.96,1360489.32,7.922727999999999,18509.639999999996,27408.635,27483.3822,50
726,bigone,2023-04-25T03:37:25.318Z,15.702165999999998,1378998.96,1360856.79,8.440486,18142.17,27408.635,27481.235,50
727,bigone,2023-04-25T03:37:26.714Z,15.702165999999998,1378998.96,1360856.83,8.440486,18142.129999999997,27408.635,27481.2361,50
728,bigone,2023-04-25T03:37:28.097Z,15.702165999999998,1378998.96,1360856.05,8.440485999999998,18142.909999999996,27408.635,27481.2371,50
729,bigone,2023-04-25T03:37:29.496Z,15.702165999999998,1378998.96,1360856.09,8.440485999999998,18142.869999999995,27408.635,27481.2381,50
730,bigone,2023-04-25T03:37:30.896Z,15.702165999999998,1378998.96,1360856.1700000002,8.440485999999998,18142.789999999997,27408.635,27481.2402,50
731,bigone,2023-04-25T03:37:32.280Z,15.702165999999998,1378998.96,1360856.21,8.440485999999998,18142.75,27408.635,27481.2413,50
732,bigone,2023-04-25T03:37:33.663Z,15.702165999999998,1378998.96,1360856.25,8.440485999999998,18142.71,27408.635,27481.2423,50
733,bigone,2023-04-25T03:37:35.065Z,15.702165999999998,1378998.96,1360856.33,8.440485999999998,18142.629999999997,27408.635,27481.2444,50
734,bigone,2023-04-25T03:37:36.465Z,15.702165999999998,1378998.96,1360856.37,8.440485999999998,18142.589999999997,27408.635,27481.2455,50
735,bigone,2023-04-25T03:37:37.849Z,15.702165999999998,1378998.96,1360856.4100000001,8.440485999999998,18142.549999999996,27408.635,27481.2465,50
736,bigone,2023-04-25T03:37:39.234Z,15.702165999999998,1378998.96,1360856.49,8.440485999999998,18142.469999999998,27408.635,27481.2486,50
737,bigone,2023-04-25T03:37:40.621Z,15.702165999999998,1378998.96,1360856.53,8.440485999999998,18142.43,27408.635,27481.2497,50
738,bigone,2023-04-25T03:37:42.008Z,15.702165999999998,1378998.96,1360488.82,7.922727999999999,18510.14,27408.635,27483.3921,50
739,bigone,2023-04-25T03:37:43.412Z,15.702165999999998,1378998.96,1360856.6500000001,8.440485999999998,18142.309999999998,27408.635,27481.2528,50
740,bigone,2023-04-25T03:37:44.794Z,15.702165999999998,1378998.96,1360856.6900000002,8.440485999999998,18142.269999999997,27408.635,27481.2539,50
741,bigone,2023-04-25T03:37:46.181Z,15.702165999999998,1378998.96,1360856.77,8.440485999999998,18142.19,27408.635,27481.256,50
742,bigone,2023-04-25T03:37:47.566Z,15.702165999999998,1378998.96,1360856.81,8.440485999999998,18142.149999999998,27408.635,27481.257,50
743,bigone,2023-04-25T03:37:48.980Z,15.702165999999998,1378998.96,1360856.85,8.440485999999998,18142.11,27408.635,27481.2581,50
744,bigone,2023-04-25T03:37:50.380Z,15.702165999999998,1378998.96,1360856.9300000002,8.440485999999998,18142.03,27408.635,27481.2602,50
745,bigone,2023-04-25T03:37:51.771Z,15.702165999999998,1378998.96,1360856.97,8.440485999999998,18141.989999999998,27408.635,27481.2613,50
746,bigone,2023-04-25T03:37:53.168Z,15.702165999999998,1378998.96,1360854.56,8.440485999999998,18144.399999999998,27408.5,27481.2603,50
747,bigone,2023-04-25T03:37:54.555Z,15.702165999999998,1378998.96,1360854.6800000002,8.440485999999998,18144.28,27408.5,27481.2634,50
748,bigone,2023-04-25T03:37:55.940Z,15.702165999999998,1378998.96,1360854.7600000002,8.440485999999998,18144.199999999997,27408.5,27481.2655,50
749,bigone,2023-04-25T03:37:57.327Z,15.702165999999998,1378998.96,1360854.8400000003,8.440485999999998,18144.12,27408.5,27481.2676,50
750,bigone,2023-04-25T03:37:58.712Z,15.702165999999998,1378998.96,1360854.8800000004,8.440485999999998,18144.079999999998,27408.5,27481.2687,50
751,bigone,2023-04-25T03:38:00.098Z,15.702165999999998,1378998.96,1360854.9600000004,8.440485999999998,18143.999999999996,27408.5,27481.2708,50
752,bigone,2023-04-25T03:38:01.502Z,15.702165999999998,1378998.96,1360855.0000000002,8.440485999999998,18143.96,27408.5,27481.2718,50
753,bigone,2023-04-25T03:38:02.888Z,15.702165999999998,1378998.96,1360855.04,8.440485999999998,18143.92,27408.5,27481.2729,50
754,bigone,2023-04-25T03:38:04.305Z,15.702165999999998,1378998.96,1360855.12,8.440485999999998,18143.839999999997,27408.5,27481.275,50
755,bigone,2023-04-25T03:38:05.692Z,15.702165999999998,1378998.96,1360855.1600000001,8.440485999999998,18143.8,27408.5,27481.2761,50
756,bigone,2023-04-25T03:38:07.076Z,15.702165999999998,1378998.96,1360855.2000000002,8.440485999999998,18143.76,27408.5,27481.2771,50
757,bigone,2023-04-25T03:38:08.461Z,15.702165999999998,1378998.96,1360855.2800000003,8.440485999999998,18143.679999999997,27408.5,27481.2792,50
758,bigone,2023-04-25T03:38:09.861Z,15.702165999999998,1378998.96,1360855.3200000003,8.440485999999998,18143.64,27408.5,27481.2803,50
759,bigone,2023-04-25T03:38:11.245Z,15.702165999999998,1378998.96,1360855.3800000004,8.440486,18143.579999999998,27408.5,27481.2819,50
760,bigone,2023-04-25T03:38:12.629Z,15.702165999999998,1378998.96,1360855.4400000004,8.440485999999998,18143.519999999997,27408.5,27481.2834,50
761,bigone,2023-04-25T03:38:14.028Z,15.702165999999998,1378998.96,1360855.4800000002,8.440485999999998,18143.479999999996,27408.5,27481.2845,50
762,bigone,2023-04-25T03:38:15.554Z,15.702165999999998,1378998.96,1360855.56,8.440485999999998,18143.399999999998,27408.5,27481.2866,50
763,bigone,2023-04-25T03:38:16.941Z,15.702165999999998,1378998.96,1360855.6,8.440485999999998,18143.359999999997,27408.5,27481.2876,50
764,bigone,2023-04-25T03:38:18.342Z,15.702165999999998,1378998.96,1360855.6800000002,8.440485999999998,18143.28,27408.5,27481.2897,50
765,bigone,2023-04-25T03:38:19.711Z,15.702165999999998,1378998.96,1360855.7200000002,8.440485999999998,18143.239999999998,27408.5,27481.2908,50
766,bigone,2023-04-25T03:38:21.141Z,15.702165999999998,1378998.96,1360855.7600000002,8.440485999999998,18143.199999999997,27408.5,27481.2918,50
767,bigone,2023-04-25T03:38:22.542Z,15.702165999999998,1378998.96,1360855.8400000003,8.440485999999998,18143.12,27408.5,27481.2939,50
768,bigone,2023-04-25T03:38:23.941Z,15.702165999999998,1378998.96,1360855.8800000004,8.440485999999998,18143.079999999998,27408.5,27481.295,50
769,bigone,2023-04-25T03:38:25.326Z,15.702165999999998,1378998.96,1360487.2300000002,7.922727999999999,18511.729999999996,27408.5,27483.4169,50
770,bigone,2023-04-25T03:38:26.708Z,15.702165999999998,1378998.96,1360856.0000000002,8.440485999999998,18142.96,27408.5,27481.2981,50
771,bigone,2023-04-25T03:38:28.095Z,15.702165999999998,1378998.96,1360856.04,8.440485999999998,18142.92,27408.5,27481.2992,50
772,bigone,2023-04-25T03:38:29.510Z,15.702165999999998,1378998.96,1360856.12,8.440485999999998,18142.839999999997,27408.5,27481.3013,50
773,bigone,2023-04-25T03:38:30.899Z,15.702165999999998,1378998.96,1360856.1600000001,8.440485999999998,18142.8,27408.5,27481.3023,50
774,bigone,2023-04-25T03:38:32.284Z,15.702165999999998,1378998.96,1360856.2000000002,8.440485999999998,18142.76,27408.5,27481.3034,50
