,exchange,datetime,ask_size,ask,bid,bid_size,spread,mid_price,vwap,levels
0,bigone,2023-04-25T05:17:02.051Z,995.7641699999999,92187.66,90419.5,340.63289000000003,1768.1599999999999,1823.05,1840.4621,50
1,bigone,2023-04-25T05:17:03.416Z,995.7641699999999,92187.66,90419.5,340.63289000000003,1768.1599999999999,1823.05,1840.4621,50
2,bigone,2023-04-25T05:17:04.784Z,995.7641699999999,92187.66,90419.5,340.63289000000003,1768.1599999999999,1823.05,1840.4621,50
3,bigone,2023-04-25T05:17:06.156Z,995.7641699999999,92187.66,90419.5,340.63289000000003,1768.1599999999999,1823.05,1840.4621,50
4,bigone,2023-04-25T05:17:07.515Z,995.7641699999999,92187.66,90419.5,340.63289000000003,1768.1599999999999,1823.05,1840.4621,50
5,bigone,2023-04-25T05:17:08.883Z,995.7641699999999,92187.66,90419.5,340.63289000000003,1768.1599999999999,1823.05,1840.4621,50
6,bigone,2023-04-25T05:17:10.255Z,995.7641699999999,92187.66,90419.5,340.63289000000003,1768.1599999999999,1823.05,1840.4621,50
7,bigone,2023-04-25T05:17:11.644Z,995.7641699999999,92187.66,90419.5,340.63289000000003,1768.1599999999999,1823.05,1840.4621,50
8,bigone,2023-04-25T05:17:13.027Z,995.76417,92188.2,90419.5,340.63289000000003,1768.6999999999998,1823.11,1840.4623,50
9,bigone,2023-04-25T05:17:14.421Z,995.76417,92188.89,90419.5,340.63289000000003,1769.3899999999999,1823.18,1840.4625,50
10,bigone,2023-04-25T05:17:15.812Z,995.76417,92188.89,90419.5,340.63289000000003,1769.3899999999999,1823.18,1840.4625,50
11,bigone,2023-04-25T05:17:17.150Z,995.76417,92188.89,90419.5,340.63289000000003,1769.3899999999999,1823.18,1840.4625,50
12,bigone,2023-04-25T05:17:18.521Z,995.76417,92188.89,90419.5,340.63289000000003,1769.3899999999999,1823.18,1840.4625,50
13,bigone,2023-04-25T05:17:19.880Z,995.76417,92188.89,90419.5,340.63289000000003,1769.3899999999999,1823.18,1840.4625,50
14,bigone,2023-04-25T05:17:21.230Z,995.76417,92188.89,90419.5,340.63289000000003,1769.3899999999999,1823.18,1840.4625,50
15,bigone,2023-04-25T05:17:22.599Z,995.76417,92188.89,90419.5,340.63289000000003,1769.3899999999999,1823.18,1840.4625,50
16,bigone,2023-04-25T05:17:23.963Z,995.76417,92188.89,90419.5,340.63289000000003,1769.3899999999999,1823.18,1840.4625,50
17,bigone,2023-04-25T05:17:25.333Z,995.76417,92188.89,90419.5,340.63289000000003,1769.3899999999999,1823.18,1840.4625,50
18,bigone,2023-04-25T05:17:26.709Z,995.76417,92188.89,90419.5,340.63289000000003,1769.3899999999999,1823.18,1840.4625,50
19,bigone,2023-04-25T05:17:28.069Z,995.76417,92188.89,90419.5,340.63289000000003,1769.3899999999999,1823.18,1840.4625,50
20,bigone,2023-04-25T05:17:29.433Z,995.76417,92188.89,90419.5,340.63289000000003,1769.3899999999999,1823.18,1840.4625,50
21,bigone,2023-04-25T05:17:30.798Z,995.76417,92185.29000000001,90418.73999999999,340.63289000000003,1766.55,1822.635,1840.461,50
22,bigone,2023-04-25T05:17:32.156Z,995.76417,92185.25000000001,90417.42,340.63289000000003,1767.83,1822.635,1840.4578,50
23,bigone,2023-04-25T05:17:33.521Z,995.76417,92185.13,90416.14,340.63289000000003,1768.9899999999998,1822.565,1840.4511,50
24,bigone,2023-04-25T05:17:34.887Z,995.76417,92181.42,90413.65,340.63289000000003,1767.77,1821.99,1840.4481,50
25,bigone,2023-04-25T05:17:36.270Z,995.76417,92181.99,90413.65,340.63289000000003,1768.34,1822.055,1840.4479,50
26,bigone,2023-04-25T05:17:37.723Z,995.76417,92181.83,90413.65,340.63289000000003,1768.1799999999998,1822.055,1840.4472,50
27,bigone,2023-04-25T05:17:39.112Z,995.76417,92181.75,90413.65,340.63289000000003,1768.1,1822.055,1840.4468,50
28,bigone,2023-04-25T05:17:40.515Z,995.76417,92183.26,90413.65,340.63289000000003,1769.61,1822.21,1840.4471,50
29,bigone,2023-04-25T05:17:41.853Z,995.76417,92183.26,90413.65,340.63289000000003,1769.61,1822.21,1840.4471,50
30,bigone,2023-04-25T05:17:43.222Z,995.76417,92183.26,90413.65,340.63289000000003,1769.61,1822.21,1840.4471,50
31,bigone,2023-04-25T05:17:44.605Z,995.76417,92183.26,90413.65,340.63289000000003,1769.61,1822.21,1840.4471,50
32,bigone,2023-04-25T05:17:45.993Z,995.76417,92183.26,90413.65,340.63289000000003,1769.61,1822.21,1840.4471,50
33,bigone,2023-04-25T05:17:47.329Z,995.76417,92183.26,90413.65,340.63289000000003,1769.61,1822.21,1840.4471,50
34,bigone,2023-04-25T05:17:48.695Z,995.76417,92183.26,90413.65,340.63289000000003,1769.61,1822.21,1840.4471,50
35,bigone,2023-04-25T05:17:50.064Z,995.76417,92183.26,90413.65,340.63289000000003,1769.61,1822.21,1840.4471,50
36,bigone,2023-04-25T05:17:51.419Z,995.76417,92183.26,90413.65,340.63289000000003,1769.61,1822.21,1840.4471,50
37,bigone,2023-04-25T05:17:52.776Z,995.76417,92183.26,90413.65,340.63289000000003,1769.61,1822.21,1840.4471,50
38,bigone,2023-04-25T05:17:54.137Z,995.76417,92183.26,90413.65,340.63289000000003,1769.61,1822.21,1840.4471,50
39,bigone,2023-04-25T05:17:55.516Z,995.76417,92183.26,90413.65,340.63289000000003,1769.61,1822.21,1840.4471,50
40,bigone,2023-04-25T05:17:56.874Z,995.76417,92186.37000000001,90418.85,340.63289000000003,1767.52,1822.97,1840.4519,50
41,bigone,2023-04-25T05:17:58.240Z,995.76417,92186.37000000001,90418.85,340.63289000000003,1767.52,1822.97,1840.4519,50
42,bigone,2023-04-25T05:17:59.591Z,995.76417,92186.37000000001,90418.85,340.63289000000003,1767.52,1822.97,1840.4519,50
43,bigone,2023-04-25T05:18:00.951Z,995.76417,92186.37000000001,90418.85,340.63289000000003,1767.52,1822.97,1840.4519,50
44,bigone,2023-04-25T05:18:02.333Z,995.76417,92186.37000000001,90418.85,340.63289000000003,1767.52,1822.97,1840.4519,50
45,bigone,2023-04-25T05:18:03.702Z,995.76417,92186.37000000001,90418.85,340.63289000000003,1767.52,1822.97,1840.4519,50
46,bigone,2023-04-25T05:18:05.076Z,995.76417,92186.37000000001,90418.85,340.63289000000003,1767.52,1822.97,1840.4519,50
47,bigone,2023-04-25T05:18:06.447Z,995.76417,92193.94,90422.9,340.63289000000003,1771.04,1823.535,1840.4904,50
48,bigone,2023-04-25T05:18:07.867Z,995.76417,92193.94,90422.9,340.63289000000003,1771.04,1823.535,1840.4904,50
49,bigone,2023-04-25T05:18:09.273Z,995.76417,92193.94,90422.9,340.63289000000003,1771.04,1823.535,1840.4904,50
50,bigone,2023-04-25T05:18:10.639Z,995.76417,92193.94,90422.9,340.63289000000003,1771.04,1823.535,1840.4904,50
51,bigone,2023-04-25T05:18:12.000Z,995.76417,92193.94,90422.9,340.63289000000003,1771.04,1823.535,1840.4904,50
52,bigone,2023-04-25T05:18:13.357Z,995.76417,92193.94,90422.9,340.63289000000003,1771.04,1823.535,1840.4904,50
53,bigone,2023-04-25T05:18:14.714Z,995.7641700000001,92200.49,90423.82999999999,340.63289000000003,1776.6599999999999,1823.695,1840.5138,50
54,bigone,2023-04-25T05:18:16.071Z,995.76417,92200.43000000001,90423.88999999998,340.63289000000003,1776.5399999999997,1823.695,1840.5138,50
55,bigone,2023-04-25T05:18:17.475Z,995.76417,92200.39,90423.88999999998,340.63289000000003,1776.4999999999998,1823.695,1840.5136,50
56,bigone,2023-04-25T05:18:18.891Z,995.76417,92200.31000000001,90423.97,340.63289000000003,1776.34,1823.695,1840.5136,50
57,bigone,2023-04-25T05:18:20.252Z,995.7641700000001,92200.90000000001,90424.03,340.63289000000003,1776.87,1823.76,1840.5138,50
58,bigone,2023-04-25T05:18:21.627Z,995.7641699999999,92204.42,90427.56,340.63289,1776.8600000000001,1824.155,1840.5343,50
59,bigone,2023-04-25T05:18:23.003Z,995.7641699999999,92204.26000000001,90427.68,340.63289,1776.58,1824.155,1840.5341,50
60,bigone,2023-04-25T05:18:24.387Z,995.7641699999999,92204.22,90427.72,340.63289,1776.5,1824.155,1840.5341,50
61,bigone,2023-04-25T05:18:25.734Z,995.7641700000001,92204.16,90396.96,335.98483,1807.1999999999998,1824.155,1840.5971,50
62,bigone,2023-04-25T05:18:27.109Z,995.7641699999999,92204.1,90427.84,340.63289,1776.2599999999998,1824.155,1840.5341,50
63,bigone,2023-04-25T05:18:28.478Z,995.7641699999999,92204.06000000001,90427.88,340.63289,1776.1799999999998,1824.155,1840.5341,50
64,bigone,2023-04-25T05:18:29.840Z,995.7641699999999,92203.98000000001,90427.95999999999,340.63289,1776.02,1824.155,1840.5341,50
65,bigone,2023-04-25T05:18:31.214Z,995.7641699999999,92203.94,90428.0,340.63289,1775.94,1824.155,1840.5341,50
66,bigone,2023-04-25T05:18:32.563Z,995.7641699999999,92203.90000000001,90428.04,340.63289,1775.8600000000001,1824.155,1840.5341,50
67,bigone,2023-04-25T05:18:33.941Z,995.7641699999999,92203.82,90428.12,340.63289,1775.6999999999998,1824.155,1840.5341,50
68,bigone,2023-04-25T05:18:35.297Z,995.7641699999999,92203.78,90428.16,340.63289,1775.62,1824.155,1840.5341,50
69,bigone,2023-04-25T05:18:36.689Z,995.7641699999999,92203.74,90428.2,340.63289,1775.54,1824.155,1840.5341,50
70,bigone,2023-04-25T05:18:38.049Z,995.7641699999999,92203.66,90428.23999999999,340.63289,1775.42,1824.155,1840.5339,50
71,bigone,2023-04-25T05:18:39.406Z,995.7641699999999,92203.62000000001,90428.23999999999,340.63289,1775.38,1824.155,1840.5337,50
72,bigone,2023-04-25T05:18:40.756Z,995.76417,92202.59,90425.54,340.63289,1777.0499999999997,1823.885,1840.5264,50
73,bigone,2023-04-25T05:18:42.117Z,995.76417,92202.55,90425.54,340.63289,1777.0099999999998,1823.885,1840.5263,50
74,bigone,2023-04-25T05:18:43.472Z,995.76417,92202.47,90425.54,340.63289,1776.9299999999998,1823.885,1840.5259,50
75,bigone,2023-04-25T05:18:44.835Z,995.76417,92199.04,90423.85,340.63289,1775.19,1823.485,1840.5179,50
76,bigone,2023-04-25T05:18:46.220Z,995.76417,92198.96,90423.85,340.63289,1775.11,1823.485,1840.5175,50
77,bigone,2023-04-25T05:18:47.597Z,995.76417,92198.92,90423.85,340.63289,1775.07,1823.485,1840.5173,50
78,bigone,2023-04-25T05:18:49.007Z,995.76417,92198.84,90423.85,340.63289,1774.99,1823.485,1840.5169,50
79,bigone,2023-04-25T05:18:50.384Z,995.76417,92198.8,90423.85,340.63289,1774.95,1823.485,1840.5167,50
80,bigone,2023-04-25T05:18:51.740Z,995.76417,92198.76,90423.85,340.63289,1774.9099999999999,1823.485,1840.5165,50
81,bigone,2023-04-25T05:18:53.101Z,995.76417,92198.68000000001,90423.85,340.63289,1774.83,1823.485,1840.5162,50
82,bigone,2023-04-25T05:18:54.507Z,995.76417,92198.64,90423.85,340.63289,1774.79,1823.485,1840.516,50
83,bigone,2023-04-25T05:18:55.882Z,1028.0041700000002,92229.70999999999,90423.85,340.63289,1805.8600000000001,1823.485,1841.1513,50
84,bigone,2023-04-25T05:18:57.276Z,995.76417,92198.52,90423.85,340.63289,1774.67,1823.485,1840.5154,50
85,bigone,2023-04-25T05:18:58.640Z,995.76417,92198.48,90423.85,340.63289,1774.6299999999999,1823.485,1840.5152,50
86,bigone,2023-04-25T05:19:00.019Z,995.76417,92198.40000000001,90423.85,340.63289,1774.55,1823.485,1840.5148,50
87,bigone,2023-04-25T05:19:01.389Z,995.76417,92198.36,90423.85,340.63289,1774.51,1823.485,1840.5146,50
88,bigone,2023-04-25T05:19:02.753Z,995.76417,92198.31999999999,90423.85,340.63289,1774.47,1823.485,1840.5144,50
89,bigone,2023-04-25T05:19:04.136Z,995.76417,92198.24,90423.85,340.63289,1774.3899999999999,1823.485,1840.514,50
90,bigone,2023-04-25T05:19:05.502Z,995.76417,92198.2,90423.85,340.63289,1774.35,1823.485,1840.5139,50
91,bigone,2023-04-25T05:19:06.929Z,995.76417,92198.15999999999,90423.85,340.63289,1774.31,1823.485,1840.5137,50
92,bigone,2023-04-25T05:19:08.303Z,995.76417,92198.08,90423.85,340.63289,1774.23,1823.485,1840.5133,50
93,bigone,2023-04-25T05:19:09.690Z,995.76417,92198.04,90423.85,340.63289,1774.19,1823.485,1840.5131,50
94,bigone,2023-04-25T05:19:11.075Z,995.7641700000001,92197.98,90423.85,340.63289,1774.1299999999999,1823.485,1840.5128,50
95,bigone,2023-04-25T05:19:12.439Z,995.76417,92197.92,90423.85,340.63289,1774.07,1823.485,1840.5125,50
96,bigone,2023-04-25T05:19:13.819Z,995.76417,92197.87999999999,90423.85,340.63289,1774.03,1823.485,1840.5123,50
97,bigone,2023-04-25T05:19:15.202Z,1031.33417,92231.31999999999,90424.47,340.63289,1806.85,1823.845,1841.1191,50
98,bigone,2023-04-25T05:19:16.597Z,995.76417,92199.72,90424.47,340.63289,1775.25,1823.845,1840.5122,50
99,bigone,2023-04-25T05:19:17.971Z,995.76417,92199.68000000001,90424.47,340.63289,1775.21,1823.845,1840.512,50
100,bigone,2023-04-25T05:19:19.339Z,995.76417,92199.59999999999,90424.47,340.63289,1775.13,1823.845,1840.5116,50
101,bigone,2023-04-25T05:19:20.704Z,995.76417,92199.56,90424.47,340.63289,1775.09,1823.845,1840.5114,50
102,bigone,2023-04-25T05:19:22.066Z,1028.0041700000002,92231.18999999999,90424.47,340.63289,1806.7200000000003,1823.845,1841.1502,50
103,bigone,2023-04-25T05:19:23.433Z,995.76417,92199.44,90424.47,340.63289,1774.9699999999998,1823.845,1840.5108,50
104,bigone,2023-04-25T05:19:24.801Z,995.76417,92199.40000000001,90424.47,340.63289,1774.9299999999998,1823.845,1840.5107,50
105,bigone,2023-04-25T05:19:26.227Z,995.76417,92199.31999999999,90424.47,340.63289,1774.85,1823.845,1840.5103,50
106,bigone,2023-04-25T05:19:27.605Z,995.7641700000001,92199.26,90424.19,340.63289,1775.0699999999997,1823.775,1840.5099,50
107,bigone,2023-04-25T05:19:28.960Z,995.76417,92199.2,90424.19,340.63289,1775.0099999999998,1823.775,1840.5096,50
108,bigone,2023-04-25T05:19:30.343Z,995.76417,92199.12000000001,90424.19,340.63289,1774.9299999999998,1823.775,1840.5092,50
109,bigone,2023-04-25T05:19:31.699Z,995.76417,92199.08,90424.19,340.63289,1774.8899999999999,1823.775,1840.509,50
110,bigone,2023-04-25T05:19:33.079Z,995.76417,92199.04,90424.19,340.63289,1774.85,1823.775,1840.5088,50
111,bigone,2023-04-25T05:19:34.447Z,995.76417,92198.96,90424.19,340.63289,1774.77,1823.775,1840.5084,50
112,bigone,2023-04-25T05:19:35.810Z,995.76417,92198.92,90424.19,340.63289,1774.73,1823.775,1840.5083,50
113,bigone,2023-04-25T05:19:37.192Z,995.76417,92198.84000000001,90424.19,340.63289,1774.65,1823.775,1840.5079,50
114,bigone,2023-04-25T05:19:38.555Z,995.76417,92198.8,90424.19,340.63289,1774.61,1823.775,1840.5077,50
115,bigone,2023-04-25T05:19:39.925Z,995.76417,92198.76,90424.19,340.63289,1774.5699999999997,1823.775,1840.5075,50
116,bigone,2023-04-25T05:19:41.291Z,995.76417,92198.68000000001,90424.19,340.63289,1774.4899999999998,1823.775,1840.5071,50
117,bigone,2023-04-25T05:19:42.664Z,995.76417,92198.64,90424.19,340.63289,1774.4499999999998,1823.775,1840.5069,50
118,bigone,2023-04-25T05:19:44.028Z,995.76417,92198.59999999999,90424.19,340.63289,1774.4099999999999,1823.775,1840.5067,50
119,bigone,2023-04-25T05:19:45.385Z,995.76417,92198.52,90424.19,340.63289,1774.33,1823.775,1840.5063,50
120,bigone,2023-04-25T05:19:46.786Z,995.7641700000001,92198.46,90423.87,340.63289,1774.59,1823.695,1840.5059,50
121,bigone,2023-04-25T05:19:48.145Z,995.76417,92198.40000000001,90423.87,340.63289,1774.53,1823.695,1840.5057,50
122,bigone,2023-04-25T05:19:49.502Z,995.76417,92198.31999999999,90423.87,340.63289,1774.4499999999998,1823.695,1840.5053,50
123,bigone,2023-04-25T05:19:50.887Z,995.76417,92198.28,90423.87,340.63289,1774.4099999999999,1823.695,1840.5051,50
124,bigone,2023-04-25T05:19:52.252Z,995.7641700000001,92198.22,90423.87,340.63289,1774.35,1823.695,1840.5048,50
125,bigone,2023-04-25T05:19:53.617Z,995.76417,92198.15999999999,90423.87,340.63289,1774.29,1823.695,1840.5045,50
126,bigone,2023-04-25T05:19:54.984Z,995.76417,92198.12000000001,90423.87,340.63289,1774.25,1823.695,1840.5043,50
127,bigone,2023-04-25T05:19:56.344Z,995.76417,92198.04,90423.87,340.63289,1774.17,1823.695,1840.5039,50
128,bigone,2023-04-25T05:19:57.693Z,995.76417,92198.0,90423.87,340.63289,1774.1299999999999,1823.695,1840.5037,50
129,bigone,2023-04-25T05:19:59.078Z,995.76417,92197.96,90423.87,340.63289,1774.09,1823.695,1840.5035,50
130,bigone,2023-04-25T05:20:00.439Z,995.76417,92197.87999999999,90423.87,340.63289,1774.01,1823.695,1840.5032,50
131,bigone,2023-04-25T05:20:01.787Z,995.76417,92197.84000000001,90423.87,340.63289,1773.97,1823.695,1840.503,50
132,bigone,2023-04-25T05:20:03.179Z,995.76417,92197.8,90423.87,340.63289,1773.9299999999998,1823.695,1840.5028,50
133,bigone,2023-04-25T05:20:04.532Z,995.76417,92197.72,90423.87,340.63289,1773.85,1823.695,1840.5024,50
134,bigone,2023-04-25T05:20:05.919Z,995.76417,92197.68000000001,90423.87,340.63289,1773.81,1823.695,1840.5022,50
135,bigone,2023-04-25T05:20:07.293Z,995.76417,92197.64,90423.87,340.63289,1773.77,1823.695,1840.502,50
136,bigone,2023-04-25T05:20:08.674Z,995.76417,92197.56,90423.87,340.63289,1773.69,1823.695,1840.5016,50
137,bigone,2023-04-25T05:20:10.052Z,995.76417,92197.52,90423.87,340.63289,1773.65,1823.695,1840.5014,50
138,bigone,2023-04-25T05:20:11.411Z,995.76417,92197.44,90423.87,340.63289,1773.57,1823.695,1840.501,50
139,bigone,2023-04-25T05:20:12.835Z,995.76417,92197.40000000001,90423.87,340.63289,1773.53,1823.695,1840.5009,50
140,bigone,2023-04-25T05:20:14.177Z,995.76417,92197.36,90423.87,340.63289,1773.49,1823.695,1840.5007,50
141,bigone,2023-04-25T05:20:15.531Z,995.76417,92197.28,90423.87,340.63289,1773.4099999999999,1823.695,1840.5003,50
142,bigone,2023-04-25T05:20:17.243Z,995.76417,92197.24,90423.87,340.63289,1773.37,1823.695,1840.5001,50
143,bigone,2023-04-25T05:20:18.625Z,995.76417,92197.15999999999,90423.87,340.63289,1773.29,1823.695,1840.4997,50
144,bigone,2023-04-25T05:20:19.998Z,995.76417,92197.12000000001,90423.87,340.63289,1773.25,1823.695,1840.4995,50
145,bigone,2023-04-25T05:20:21.362Z,995.76417,92197.08,90423.87,340.63289,1773.21,1823.695,1840.4993,50
146,bigone,2023-04-25T05:20:22.977Z,995.76417,92197.0,90423.87,340.63289,1773.1299999999999,1823.695,1840.4989,50
147,bigone,2023-04-25T05:20:24.541Z,995.7641700000001,92196.94,90423.87,340.63289,1773.07,1823.695,1840.4986,50
148,bigone,2023-04-25T05:20:25.935Z,995.76417,92196.87999999999,90423.87,340.63289,1773.01,1823.695,1840.4984,50
149,bigone,2023-04-25T05:20:27.374Z,995.76417,92196.84000000001,90423.87,340.63289,1772.97,1823.695,1840.4982,50
150,bigone,2023-04-25T05:20:28.759Z,995.76417,92196.76,90423.87,340.63289,1772.8899999999999,1823.695,1840.4978,50
151,bigone,2023-04-25T05:20:30.121Z,995.76417,92196.72,90423.87,340.63289,1772.85,1823.695,1840.4976,50
152,bigone,2023-04-25T05:20:31.482Z,995.76417,92196.68000000001,90423.87,340.63289,1772.81,1823.695,1840.4974,50
153,bigone,2023-04-25T05:20:32.848Z,995.76417,92196.59999999999,90423.87,340.63289,1772.73,1823.695,1840.497,50
154,bigone,2023-04-25T05:20:34.220Z,995.76417,92196.56,90423.87,340.63289,1772.69,1823.695,1840.4968,50
155,bigone,2023-04-25T05:20:35.597Z,1031.33417,92229.67999999998,90423.87,340.63289,1805.8100000000002,1823.695,1841.1093,50
156,bigone,2023-04-25T05:20:36.957Z,995.76417,92196.44,90423.87,340.63289,1772.57,1823.695,1840.4962,50
157,bigone,2023-04-25T05:20:38.314Z,995.76417,92196.40000000001,90423.87,340.63289,1772.53,1823.695,1840.4961,50
158,bigone,2023-04-25T05:20:39.691Z,995.76417,92196.31999999999,90423.87,340.63289,1772.4499999999998,1823.695,1840.4957,50
159,bigone,2023-04-25T05:20:41.067Z,995.76417,92196.28,90423.87,340.63289,1772.4099999999999,1823.695,1840.4955,50
160,bigone,2023-04-25T05:20:42.442Z,995.76417,92196.24,90423.87,340.63289,1772.37,1823.695,1840.4953,50
161,bigone,2023-04-25T05:20:43.813Z,995.76417,92196.15999999999,90423.87,340.63289,1772.29,1823.695,1840.4949,50
162,bigone,2023-04-25T05:20:45.162Z,995.76417,92196.12000000001,90423.87,340.63289,1772.25,1823.695,1840.4947,50
163,bigone,2023-04-25T05:20:46.537Z,995.76417,92197.39,90426.6,340.63289,1770.79,1824.095,1840.4961,50
164,bigone,2023-04-25T05:20:47.913Z,995.76417,92197.39,90426.6,340.63289,1770.79,1824.095,1840.4961,50
165,bigone,2023-04-25T05:20:49.267Z,995.76417,92197.39,90426.6,340.63289,1770.79,1824.095,1840.4961,50
166,bigone,2023-04-25T05:20:50.639Z,995.76417,92197.39,90426.6,340.63289,1770.79,1824.095,1840.4961,50
167,bigone,2023-04-25T05:20:52.027Z,995.76417,92197.31,90426.6,340.63289,1770.71,1824.095,1840.4958,50
168,bigone,2023-04-25T05:20:53.440Z,995.76417,92197.27,90426.6,340.63289,1770.67,1824.095,1840.4956,50
169,bigone,2023-04-25T05:20:54.828Z,995.76417,92197.19,90426.6,340.63289,1770.5900000000001,1824.095,1840.4952,50
170,bigone,2023-04-25T05:20:56.265Z,995.76417,92197.19,90426.6,340.63289,1770.5900000000001,1824.095,1840.4952,50
171,bigone,2023-04-25T05:20:57.653Z,995.76417,92197.19,90426.6,340.63289,1770.5900000000001,1824.095,1840.4952,50
172,bigone,2023-04-25T05:20:59.072Z,995.76417,92197.19,90426.6,340.63289,1770.5900000000001,1824.095,1840.4952,50
173,bigone,2023-04-25T05:21:00.435Z,995.76417,92197.19,90426.6,340.63289,1770.5900000000001,1824.095,1840.4952,50
174,bigone,2023-04-25T05:21:01.807Z,995.76417,92197.19,90426.6,340.63289,1770.5900000000001,1824.095,1840.4952,50
175,bigone,2023-04-25T05:21:03.195Z,995.76417,92197.19,90426.6,340.63289,1770.5900000000001,1824.095,1840.4952,50
176,bigone,2023-04-25T05:21:04.568Z,995.76417,92197.19,90426.6,340.63289,1770.5900000000001,1824.095,1840.4952,50
177,bigone,2023-04-25T05:21:05.956Z,995.76417,92197.19,90426.6,340.63289,1770.5900000000001,1824.095,1840.4952,50
178,bigone,2023-04-25T05:21:07.317Z,995.76417,92197.19,90426.6,340.63289,1770.5900000000001,1824.095,1840.4952,50
179,bigone,2023-04-25T05:21:08.735Z,995.76417,92197.19,90426.6,340.63289,1770.5900000000001,1824.095,1840.4952,50
180,bigone,2023-04-25T05:21:10.133Z,995.76417,92197.19,90426.6,340.63289,1770.5900000000001,1824.095,1840.4952,50
181,bigone,2023-04-25T05:21:11.510Z,995.76417,92197.19,90426.6,340.63289,1770.5900000000001,1824.095,1840.4952,50
182,bigone,2023-04-25T05:21:12.935Z,995.76417,92197.19,90426.6,340.63289,1770.5900000000001,1824.095,1840.4952,50
183,bigone,2023-04-25T05:21:14.306Z,995.76417,92197.19,90426.6,340.63289,1770.5900000000001,1824.095,1840.4952,50
184,bigone,2023-04-25T05:21:15.680Z,995.76417,92197.19,90426.6,340.63289,1770.5900000000001,1824.095,1840.4952,50
185,bigone,2023-04-25T05:21:17.037Z,995.76417,92197.19,90426.6,340.63289,1770.5900000000001,1824.095,1840.4952,50
186,bigone,2023-04-25T05:21:18.424Z,995.76417,92198.04,90427.76000000001,340.63289,1770.2799999999997,1824.18,1840.5023,50
187,bigone,2023-04-25T05:21:19.798Z,995.76417,92198.04,90427.84,340.63289,1770.1999999999998,1824.18,1840.5027,50
188,bigone,2023-04-25T05:21:21.323Z,995.76417,92198.04,90427.84,340.63289,1770.1999999999998,1824.18,1840.5027,50
189,bigone,2023-04-25T05:21:22.675Z,995.76417,92198.04,90427.84,340.63289,1770.1999999999998,1824.18,1840.5027,50
190,bigone,2023-04-25T05:21:24.070Z,995.76417,92198.04,90427.84,340.63289,1770.1999999999998,1824.18,1840.5027,50
191,bigone,2023-04-25T05:21:25.433Z,995.76417,92198.04,90427.84,340.63289,1770.1999999999998,1824.18,1840.5027,50
192,bigone,2023-04-25T05:21:26.814Z,995.76417,92198.04,90427.84,340.63289,1770.1999999999998,1824.18,1840.5027,50
193,bigone,2023-04-25T05:21:28.199Z,995.76417,92198.04,90427.84,340.63289,1770.1999999999998,1824.18,1840.5027,50
194,bigone,2023-04-25T05:21:29.571Z,995.76417,92199.39,90427.92,340.63289,1771.4699999999998,1824.315,1840.5035,50
195,bigone,2023-04-25T05:21:30.950Z,995.76417,92199.39,90428.04000000001,340.63289,1771.35,1824.315,1840.5041,50
196,bigone,2023-04-25T05:21:32.361Z,995.76417,92203.74,90431.98,340.63289000000003,1771.76,1824.79,1840.5273,50
197,bigone,2023-04-25T05:21:33.727Z,995.76417,92203.74,90432.04,340.63289,1771.6999999999998,1824.79,1840.5275,50
198,bigone,2023-04-25T05:21:35.095Z,995.76417,92204.40999999999,90433.06999999999,340.63289000000003,1771.3399999999997,1824.86,1840.5338,50
199,bigone,2023-04-25T05:21:36.434Z,995.76417,92204.40999999999,90433.15,340.63289000000003,1771.2599999999998,1824.86,1840.5342,50
200,bigone,2023-04-25T05:21:37.919Z,995.76417,92204.40999999999,90433.26999999999,340.63289000000003,1771.1399999999999,1824.86,1840.5348,50
201,bigone,2023-04-25T05:21:39.293Z,995.76417,92204.40999999999,90433.34999999999,340.63289000000003,1771.06,1824.86,1840.5351,50
202,bigone,2023-04-25T05:21:40.645Z,995.76417,92204.40999999999,90433.47,340.63289000000003,1770.9399999999998,1824.86,1840.5357,50
203,bigone,2023-04-25T05:21:42.206Z,995.76417,92204.40999999999,90433.54999999999,340.63289000000003,1770.86,1824.86,1840.5361,50
204,bigone,2023-04-25T05:21:43.552Z,995.76417,92204.40999999999,90433.70999999999,340.63289000000003,1770.6999999999998,1824.86,1840.5369,50
205,bigone,2023-04-25T05:21:44.918Z,995.76417,92204.40999999999,90433.70999999999,340.63289000000003,1770.6999999999998,1824.86,1840.5369,50
206,bigone,2023-04-25T05:21:46.344Z,995.76417,92204.40999999999,90433.70999999999,340.63289000000003,1770.6999999999998,1824.86,1840.5369,50
207,bigone,2023-04-25T05:21:47.722Z,995.76417,92204.40999999999,90433.70999999999,340.63289000000003,1770.6999999999998,1824.86,1840.5369,50
208,bigone,2023-04-25T05:21:49.085Z,995.76417,92204.40999999999,90433.70999999999,340.63289000000003,1770.6999999999998,1824.86,1840.5369,50
209,bigone,2023-04-25T05:21:50.592Z,995.76417,92204.40999999999,90433.70999999999,340.63289000000003,1770.6999999999998,1824.86,1840.5369,50
210,bigone,2023-04-25T05:21:51.949Z,995.76417,92204.40999999999,90433.70999999999,340.63289000000003,1770.6999999999998,1824.86,1840.5369,50
211,bigone,2023-04-25T05:21:53.291Z,995.76417,92204.40999999999,90433.70999999999,340.63289000000003,1770.6999999999998,1824.86,1840.5369,50
212,bigone,2023-04-25T05:21:54.661Z,995.76417,92204.40999999999,90433.70999999999,340.63289000000003,1770.6999999999998,1824.86,1840.5369,50
213,bigone,2023-04-25T05:21:56.023Z,995.76417,92204.40999999999,90433.70999999999,340.63289000000003,1770.6999999999998,1824.86,1840.5369,50
214,bigone,2023-04-25T05:21:57.381Z,995.76417,92204.40999999999,90433.70999999999,340.63289000000003,1770.6999999999998,1824.86,1840.5369,50
215,bigone,2023-04-25T05:21:58.737Z,995.76417,92204.40999999999,90433.70999999999,340.63289000000003,1770.6999999999998,1824.86,1840.5369,50
216,bigone,2023-04-25T05:22:00.085Z,995.76417,92204.40999999999,90433.70999999999,340.63289000000003,1770.6999999999998,1824.86,1840.5369,50
217,bigone,2023-04-25T05:22:01.449Z,995.76417,92204.40999999999,90433.70999999999,340.63289000000003,1770.6999999999998,1824.86,1840.5369,50
218,bigone,2023-04-25T05:22:02.841Z,995.76417,92204.40999999999,90433.70999999999,340.63289000000003,1770.6999999999998,1824.86,1840.5369,50
219,bigone,2023-04-25T05:22:04.199Z,995.76417,92204.40999999999,90433.70999999999,340.63289000000003,1770.6999999999998,1824.86,1840.5369,50
220,bigone,2023-04-25T05:22:05.554Z,995.76417,92204.40999999999,90433.70999999999,340.63289000000003,1770.6999999999998,1824.86,1840.5369,50
221,bigone,2023-04-25T05:22:06.900Z,995.76417,92204.40999999999,90433.70999999999,340.63289000000003,1770.6999999999998,1824.86,1840.5369,50
222,bigone,2023-04-25T05:22:08.301Z,995.76417,92204.40999999999,90433.70999999999,340.63289000000003,1770.6999999999998,1824.86,1840.5369,50
223,bigone,2023-04-25T05:22:09.671Z,995.76417,92204.40999999999,90433.70999999999,340.63289000000003,1770.6999999999998,1824.86,1840.5369,50
224,bigone,2023-04-25T05:22:11.058Z,995.76417,92204.40999999999,90433.70999999999,340.63289000000003,1770.6999999999998,1824.86,1840.5369,50
225,bigone,2023-04-25T05:22:12.451Z,995.76417,92204.40999999999,90433.70999999999,340.63289000000003,1770.6999999999998,1824.86,1840.5369,50
226,bigone,2023-04-25T05:22:13.799Z,995.76417,92204.40999999999,90433.70999999999,340.63289000000003,1770.6999999999998,1824.86,1840.5369,50
227,bigone,2023-04-25T05:22:15.178Z,995.76417,92204.40999999999,90433.70999999999,340.63289000000003,1770.6999999999998,1824.86,1840.5369,50
228,bigone,2023-04-25T05:22:16.537Z,995.76417,92204.40999999999,90433.70999999999,340.63289000000003,1770.6999999999998,1824.86,1840.5369,50
229,bigone,2023-04-25T05:22:17.909Z,995.76417,92204.40999999999,90433.70999999999,340.63289000000003,1770.6999999999998,1824.86,1840.5369,50
230,bigone,2023-04-25T05:22:19.328Z,995.76417,92204.40999999999,90433.70999999999,340.63289000000003,1770.6999999999998,1824.86,1840.5369,50
231,bigone,2023-04-25T05:22:20.699Z,995.76417,92204.40999999999,90433.70999999999,340.63289000000003,1770.6999999999998,1824.86,1840.5369,50
232,bigone,2023-04-25T05:22:22.089Z,995.76417,92205.15000000001,90433.76999999999,340.63289000000003,1771.3799999999999,1824.94,1840.5374,50
233,bigone,2023-04-25T05:22:23.433Z,995.7641699999999,92206.18,90433.90999999999,340.63289000000003,1772.27,1825.015,1840.5384,50
234,bigone,2023-04-25T05:22:24.792Z,995.7641699999999,92206.18,90433.98999999999,340.63289000000003,1772.19,1825.015,1840.5387,50
235,bigone,2023-04-25T05:22:26.149Z,995.7641699999999,92206.18,90434.10999999999,340.63289000000003,1772.07,1825.015,1840.5393,50
236,bigone,2023-04-25T05:22:27.494Z,995.7641699999999,92206.18,90434.22999999998,340.63289000000003,1771.95,1825.015,1840.5399,50
237,bigone,2023-04-25T05:22:28.879Z,995.7641699999999,92206.18,90434.31,340.63289000000003,1771.8700000000001,1825.015,1840.5403,50
238,bigone,2023-04-25T05:22:30.247Z,995.7641699999999,92206.18,90434.43,340.63289000000003,1771.75,1825.015,1840.5409,50
239,bigone,2023-04-25T05:22:31.649Z,995.7641699999999,92206.18,90434.54999999999,340.63289000000003,1771.63,1825.015,1840.5414,50
240,bigone,2023-04-25T05:22:33.029Z,995.7641699999999,92206.18,90434.54999999999,340.63289000000003,1771.63,1825.015,1840.5414,50
241,bigone,2023-04-25T05:22:34.424Z,995.7641699999999,92206.18,90434.54999999999,340.63289000000003,1771.63,1825.015,1840.5414,50
242,bigone,2023-04-25T05:22:35.779Z,995.7641699999999,92206.18,90434.54999999999,340.63289000000003,1771.63,1825.015,1840.5414,50
243,bigone,2023-04-25T05:22:37.145Z,995.7641699999999,92206.18,90434.54999999999,340.63289000000003,1771.63,1825.015,1840.5414,50
244,bigone,2023-04-25T05:22:38.524Z,995.7641699999999,92206.18,90434.54999999999,340.63289000000003,1771.63,1825.015,1840.5414,50
245,bigone,2023-04-25T05:22:39.885Z,995.7641699999999,92206.18,90434.54999999999,340.63289000000003,1771.63,1825.015,1840.5414,50
246,bigone,2023-04-25T05:22:41.255Z,995.7641699999999,92206.18,90434.54999999999,340.63289000000003,1771.63,1825.015,1840.5414,50
247,bigone,2023-04-25T05:22:42.615Z,995.7641699999999,92206.18,90434.54999999999,340.63289000000003,1771.63,1825.015,1840.5414,50
248,bigone,2023-04-25T05:22:43.999Z,995.7641699999999,92206.18,90434.54999999999,340.63289000000003,1771.63,1825.015,1840.5414,50
249,bigone,2023-04-25T05:22:45.356Z,995.7641699999999,92206.18,90434.54999999999,340.63289000000003,1771.63,1825.015,1840.5414,50
250,bigone,2023-04-25T05:22:46.714Z,995.7641699999999,92206.18,90434.54999999999,340.63289000000003,1771.63,1825.015,1840.5414,50
251,bigone,2023-04-25T05:22:48.088Z,995.7641699999999,92206.18,90434.54999999999,340.63289000000003,1771.63,1825.015,1840.5414,50
252,bigone,2023-04-25T05:22:49.505Z,995.7641699999999,92206.18,90434.54999999999,340.63289000000003,1771.63,1825.015,1840.5414,50
253,bigone,2023-04-25T05:22:50.869Z,995.7641699999999,92206.18,90434.54999999999,340.63289000000003,1771.63,1825.015,1840.5414,50
254,bigone,2023-04-25T05:22:52.226Z,995.7641699999999,92206.18,90434.54999999999,340.63289000000003,1771.63,1825.015,1840.5414,50
255,bigone,2023-04-25T05:22:53.590Z,995.7641699999999,92206.18,90434.54999999999,340.63289000000003,1771.63,1825.015,1840.5414,50
256,bigone,2023-04-25T05:22:54.953Z,995.7641699999999,92206.18,90434.54999999999,340.63289000000003,1771.63,1825.015,1840.5414,50
257,bigone,2023-04-25T05:22:56.325Z,995.7641699999999,92206.18,90434.54999999999,340.63289000000003,1771.63,1825.015,1840.5414,50
258,bigone,2023-04-25T05:22:57.695Z,995.7641699999999,92206.18,90434.54999999999,340.63289000000003,1771.63,1825.015,1840.5414,50
259,bigone,2023-04-25T05:22:59.052Z,995.7641699999999,92206.18,90434.54999999999,340.63289000000003,1771.63,1825.015,1840.5414,50
260,bigone,2023-04-25T05:23:00.409Z,995.7641699999999,92206.18,90434.54999999999,340.63289000000003,1771.63,1825.015,1840.5414,50
261,bigone,2023-04-25T05:23:01.763Z,995.7641699999999,92206.18,90434.54999999999,340.63289000000003,1771.63,1825.015,1840.5414,50
262,bigone,2023-04-25T05:23:03.141Z,995.7641699999999,92206.18,90434.54999999999,340.63289000000003,1771.63,1825.015,1840.5414,50
263,bigone,2023-04-25T05:23:04.519Z,995.7641699999999,92206.18,90434.54999999999,340.63289000000003,1771.63,1825.015,1840.5414,50
264,bigone,2023-04-25T05:23:05.893Z,995.76417,92202.73,90431.66,340.63289000000003,1771.07,1824.615,1840.5271,50
265,bigone,2023-04-25T05:23:07.283Z,995.76417,92202.73,90431.66,340.63289000000003,1771.07,1824.615,1840.5271,50
266,bigone,2023-04-25T05:23:08.691Z,995.76417,92202.73,90431.66,340.63289000000003,1771.07,1824.615,1840.5271,50
267,bigone,2023-04-25T05:23:10.049Z,995.76417,92202.73,90431.66,340.63289000000003,1771.07,1824.615,1840.5271,50
268,bigone,2023-04-25T05:23:11.404Z,995.76417,92202.73,90430.81,340.63289000000003,1771.92,1824.53,1840.5267,50
269,bigone,2023-04-25T05:23:12.776Z,995.76417,92202.73,90430.81,340.63289000000003,1771.92,1824.53,1840.5267,50
270,bigone,2023-04-25T05:23:14.150Z,995.76417,92202.73,90430.81,340.63289000000003,1771.92,1824.53,1840.5267,50
271,bigone,2023-04-25T05:23:15.513Z,995.76417,92202.73,90430.81,340.63289000000003,1771.92,1824.53,1840.5267,50
272,bigone,2023-04-25T05:23:16.864Z,995.76417,92202.73,90430.81,340.63289000000003,1771.92,1824.53,1840.5267,50
273,bigone,2023-04-25T05:23:18.219Z,995.76417,92202.73,90430.16,340.63289000000003,1772.5699999999997,1824.465,1840.5264,50
274,bigone,2023-04-25T05:23:19.801Z,995.76417,92202.73,90430.16,340.63289000000003,1772.5699999999997,1824.465,1840.5264,50
275,bigone,2023-04-25T05:23:21.213Z,995.76417,92202.73,90430.16,340.63289000000003,1772.5699999999997,1824.465,1840.5264,50
276,bigone,2023-04-25T05:23:22.585Z,995.76417,92202.73,90430.16,340.63289000000003,1772.5699999999997,1824.465,1840.5264,50
277,bigone,2023-04-25T05:23:24.151Z,995.76417,92202.73,90430.16,340.63289000000003,1772.5699999999997,1824.465,1840.5264,50
278,bigone,2023-04-25T05:23:25.521Z,995.76417,92202.73,90430.16,340.63289000000003,1772.5699999999997,1824.465,1840.5264,50
279,bigone,2023-04-25T05:23:26.875Z,995.76417,92202.73,90430.16,340.63289000000003,1772.5699999999997,1824.465,1840.5264,50
280,bigone,2023-04-25T05:23:28.230Z,995.76417,92202.73,90430.16,340.63289000000003,1772.5699999999997,1824.465,1840.5264,50
281,bigone,2023-04-25T05:23:29.591Z,995.76417,92202.73,90430.16,340.63289000000003,1772.5699999999997,1824.465,1840.5264,50
282,bigone,2023-04-25T05:23:30.956Z,995.76417,92202.73,90430.16,340.63289000000003,1772.5699999999997,1824.465,1840.5264,50
283,bigone,2023-04-25T05:23:32.307Z,995.76417,92202.73,90430.16,340.63289000000003,1772.5699999999997,1824.465,1840.5264,50
284,bigone,2023-04-25T05:23:33.681Z,995.76417,92202.73,90430.16,340.63289000000003,1772.5699999999997,1824.465,1840.5264,50
285,bigone,2023-04-25T05:23:35.033Z,995.76417,92202.73,90430.16,340.63289000000003,1772.5699999999997,1824.465,1840.5264,50
286,bigone,2023-04-25T05:23:36.443Z,995.76417,92203.43999999999,90430.16,340.63289000000003,1773.28,1824.54,1840.5267,50
287,bigone,2023-04-25T05:23:37.894Z,995.76417,92203.43999999999,90430.16,340.63289000000003,1773.28,1824.54,1840.5267,50
288,bigone,2023-04-25T05:23:39.347Z,995.76417,92203.43999999999,90430.16,340.63289000000003,1773.28,1824.54,1840.5267,50
289,bigone,2023-04-25T05:23:40.718Z,995.76417,92203.43999999999,90430.16,340.63289000000003,1773.28,1824.54,1840.5267,50
290,bigone,2023-04-25T05:23:42.089Z,995.76417,92203.43999999999,90430.16,340.63289000000003,1773.28,1824.54,1840.5267,50
291,bigone,2023-04-25T05:23:43.452Z,995.76417,92203.43999999999,90430.16,340.63289000000003,1773.28,1824.54,1840.5267,50
292,bigone,2023-04-25T05:23:44.820Z,995.76417,92203.43999999999,90430.16,340.63289000000003,1773.28,1824.54,1840.5267,50
293,bigone,2023-04-25T05:23:46.176Z,995.76417,92203.43999999999,90430.16,340.63289000000003,1773.28,1824.54,1840.5267,50
294,bigone,2023-04-25T05:23:47.703Z,995.76417,92203.43999999999,90430.16,340.63289000000003,1773.28,1824.54,1840.5267,50
295,bigone,2023-04-25T05:23:49.063Z,995.76417,92203.43999999999,90430.16,340.63289000000003,1773.28,1824.54,1840.5267,50
296,bigone,2023-04-25T05:23:50.460Z,995.76417,92203.43999999999,90430.16,340.63289000000003,1773.28,1824.54,1840.5267,50
297,bigone,2023-04-25T05:23:51.823Z,995.76417,92203.43999999999,90430.16,340.63289000000003,1773.28,1824.54,1840.5267,50
298,bigone,2023-04-25T05:23:53.224Z,995.76417,92203.43999999999,90430.16,340.63289000000003,1773.28,1824.54,1840.5267,50
299,bigone,2023-04-25T05:23:54.580Z,995.76417,92203.43999999999,90430.16,340.63289000000003,1773.28,1824.54,1840.5267,50
300,bigone,2023-04-25T05:23:55.966Z,995.76417,92203.43999999999,90430.16,340.63289000000003,1773.28,1824.54,1840.5267,50
301,bigone,2023-04-25T05:23:57.417Z,995.76417,92203.43999999999,90430.16,340.63289000000003,1773.28,1824.54,1840.5267,50
302,bigone,2023-04-25T05:23:58.807Z,995.76417,92203.43999999999,90430.16,340.63289000000003,1773.28,1824.54,1840.5267,50
303,bigone,2023-04-25T05:24:00.173Z,995.76417,92203.43999999999,90430.16,340.63289000000003,1773.28,1824.54,1840.5267,50
304,bigone,2023-04-25T05:24:01.536Z,995.76417,92203.43999999999,90430.16,340.63289000000003,1773.28,1824.54,1840.5267,50
305,bigone,2023-04-25T05:24:02.892Z,995.76417,92203.43999999999,90430.16,340.63289000000003,1773.28,1824.54,1840.5267,50
306,bigone,2023-04-25T05:24:04.254Z,995.76417,92203.43999999999,90430.16,340.63289000000003,1773.28,1824.54,1840.5267,50
307,bigone,2023-04-25T05:24:05.624Z,995.76417,92203.43999999999,90430.16,340.63289000000003,1773.28,1824.54,1840.5267,50
308,bigone,2023-04-25T05:24:06.999Z,995.76417,92203.43999999999,90430.16,340.63289000000003,1773.28,1824.54,1840.5267,50
309,bigone,2023-04-25T05:24:08.385Z,995.76417,92203.43999999999,90430.16,340.63289000000003,1773.28,1824.54,1840.5267,50
310,bigone,2023-04-25T05:24:09.742Z,995.76417,92203.43999999999,90430.16,340.63289000000003,1773.28,1824.54,1840.5267,50
311,bigone,2023-04-25T05:24:11.134Z,995.76417,92203.43999999999,90430.16,340.63289000000003,1773.28,1824.54,1840.5267,50
312,bigone,2023-04-25T05:24:12.485Z,995.76417,92203.43999999999,90430.16,340.63289000000003,1773.28,1824.54,1840.5267,50
313,bigone,2023-04-25T05:24:13.844Z,995.76417,92203.43999999999,90430.16,340.63289000000003,1773.28,1824.54,1840.5267,50
314,bigone,2023-04-25T05:24:15.234Z,995.76417,92203.43999999999,90430.16,340.63289000000003,1773.28,1824.54,1840.5267,50
315,bigone,2023-04-25T05:24:16.583Z,995.76417,92204.33,90432.85999999999,340.63289000000003,1771.4699999999998,1824.885,1840.5282,50
316,bigone,2023-04-25T05:24:17.940Z,995.76417,92204.33,90432.85999999999,340.63289000000003,1771.4699999999998,1824.885,1840.5282,50
317,bigone,2023-04-25T05:24:19.313Z,995.76417,92204.33,90432.85999999999,340.63289000000003,1771.4699999999998,1824.885,1840.5282,50
318,bigone,2023-04-25T05:24:20.702Z,995.76417,92204.33,90432.85999999999,340.63289000000003,1771.4699999999998,1824.885,1840.5282,50
319,bigone,2023-04-25T05:24:22.057Z,995.76417,92204.33,90432.85999999999,340.63289000000003,1771.4699999999998,1824.885,1840.5282,50
320,bigone,2023-04-25T05:24:23.428Z,995.76417,92205.06,90432.85999999999,340.63289000000003,1772.1999999999998,1824.97,1840.5284,50
321,bigone,2023-04-25T05:24:24.814Z,995.76417,92205.06,90432.85999999999,340.63289000000003,1772.1999999999998,1824.97,1840.5284,50
322,bigone,2023-04-25T05:24:26.174Z,995.76417,92205.06,90432.85999999999,340.63289000000003,1772.1999999999998,1824.97,1840.5284,50
323,bigone,2023-04-25T05:24:27.550Z,995.76417,92205.06,90432.85999999999,340.63289000000003,1772.1999999999998,1824.97,1840.5284,50
324,bigone,2023-04-25T05:24:28.904Z,995.76417,92205.06,90432.85999999999,340.63289000000003,1772.1999999999998,1824.97,1840.5284,50
325,bigone,2023-04-25T05:24:30.284Z,995.76417,92205.06,90432.85999999999,340.63289000000003,1772.1999999999998,1824.97,1840.5284,50
326,bigone,2023-04-25T05:24:31.640Z,995.76417,92205.06,90432.85999999999,340.63289000000003,1772.1999999999998,1824.97,1840.5284,50
327,bigone,2023-04-25T05:24:33.013Z,995.76417,92205.06,90432.85999999999,340.63289000000003,1772.1999999999998,1824.97,1840.5284,50
328,bigone,2023-04-25T05:24:34.384Z,995.76417,92205.06,90432.85999999999,340.63289000000003,1772.1999999999998,1824.97,1840.5284,50
329,bigone,2023-04-25T05:24:35.757Z,995.76417,92205.46,90432.85999999999,340.63289000000003,1772.6,1824.97,1840.5285,50
330,bigone,2023-04-25T05:24:37.285Z,995.76417,92205.46,90432.85999999999,340.63289000000003,1772.6,1824.97,1840.5285,50
331,bigone,2023-04-25T05:24:38.657Z,995.76417,92210.37,90435.07999999999,340.63289000000003,1775.29,1825.14,1840.5541,50
332,bigone,2023-04-25T05:24:40.015Z,995.76417,92210.29,90435.15999999999,340.63289000000003,1775.13,1825.14,1840.5541,50
333,bigone,2023-04-25T05:24:41.364Z,995.76417,92210.25,90435.2,340.63289000000003,1775.05,1825.14,1840.5541,50
334,bigone,2023-04-25T05:24:42.729Z,995.7641700000001,92210.19,90435.23999999999,340.63289000000003,1774.9499999999998,1825.14,1840.554,50
335,bigone,2023-04-25T05:24:44.102Z,995.76417,92210.12999999999,90435.23999999999,340.63289000000003,1774.8899999999999,1825.14,1840.5538,50
336,bigone,2023-04-25T05:24:45.879Z,995.76417,92210.09,90435.23999999999,340.63289000000003,1774.85,1825.14,1840.5536,50
337,bigone,2023-04-25T05:24:47.237Z,995.76417,92210.01,90435.23999999999,340.63289000000003,1774.77,1825.14,1840.5532,50
338,bigone,2023-04-25T05:24:48.584Z,995.76417,92209.97,90435.23999999999,340.63289000000003,1774.73,1825.14,1840.553,50
339,bigone,2023-04-25T05:24:49.949Z,995.76417,92209.89,90435.23999999999,340.63289000000003,1774.65,1825.14,1840.5526,50
340,bigone,2023-04-25T05:24:51.320Z,995.76417,92209.84999999999,90435.23999999999,340.63289000000003,1774.6100000000001,1825.14,1840.5524,50
341,bigone,2023-04-25T05:24:52.853Z,995.76417,92209.81,90435.23999999999,340.63289000000003,1774.57,1825.14,1840.5522,50
342,bigone,2023-04-25T05:24:54.226Z,995.76417,92209.73,90435.23999999999,340.63289000000003,1774.4899999999998,1825.14,1840.5518,50
343,bigone,2023-04-25T05:24:55.567Z,995.76417,92209.69,90435.23999999999,340.63289000000003,1774.4499999999998,1825.14,1840.5517,50
344,bigone,2023-04-25T05:24:56.952Z,995.7641700000001,92209.62999999999,90435.23999999999,340.63289000000003,1774.3899999999999,1825.14,1840.5513,50
345,bigone,2023-04-25T05:24:58.295Z,995.76417,92209.56999999999,90435.23999999999,340.63289000000003,1774.33,1825.14,1840.5511,50
346,bigone,2023-04-25T05:24:59.674Z,995.76417,92209.53,90435.23999999999,340.63289000000003,1774.29,1825.14,1840.5509,50
347,bigone,2023-04-25T05:25:01.114Z,995.76417,92209.45,90435.23999999999,340.63289000000003,1774.21,1825.14,1840.5505,50
348,bigone,2023-04-25T05:25:02.469Z,995.76417,92209.40999999999,90435.23999999999,340.63289000000003,1774.17,1825.14,1840.5503,50
349,bigone,2023-04-25T05:25:03.842Z,995.76417,92209.37,90435.23999999999,340.63289000000003,1774.13,1825.14,1840.5501,50
350,bigone,2023-04-25T05:25:05.182Z,995.76417,92209.29,90435.23999999999,340.63289000000003,1774.05,1825.14,1840.5497,50
351,bigone,2023-04-25T05:25:06.566Z,995.76417,92209.25,90435.23999999999,340.63289000000003,1774.01,1825.14,1840.5495,50
352,bigone,2023-04-25T05:25:07.932Z,995.76417,92209.20999999999,90435.23999999999,340.63289000000003,1773.9699999999998,1825.14,1840.5493,50
353,bigone,2023-04-25T05:25:09.288Z,995.76417,92209.12999999999,90435.23999999999,340.63289000000003,1773.8899999999999,1825.14,1840.549,50
354,bigone,2023-04-25T05:25:10.679Z,995.76417,92209.09,90435.23999999999,340.63289000000003,1773.85,1825.14,1840.5488,50
355,bigone,2023-04-25T05:25:12.036Z,995.7641700000001,92209.03,90435.23999999999,340.63289000000003,1773.79,1825.14,1840.5485,50
356,bigone,2023-04-25T05:25:13.421Z,995.76417,92208.97,90435.23999999999,340.63289000000003,1773.73,1825.14,1840.5482,50
357,bigone,2023-04-25T05:25:14.812Z,995.76417,92208.93,90435.23999999999,340.63289000000003,1773.69,1825.14,1840.548,50
358,bigone,2023-04-25T05:25:16.166Z,995.76417,92208.84999999999,90435.23999999999,340.63289000000003,1773.6100000000001,1825.14,1840.5476,50
359,bigone,2023-04-25T05:25:17.537Z,995.76417,92208.81,90435.23999999999,340.63289000000003,1773.57,1825.14,1840.5474,50
360,bigone,2023-04-25T05:25:18.896Z,995.76417,92208.76999999999,90435.23999999999,340.63289000000003,1773.53,1825.14,1840.5472,50
361,bigone,2023-04-25T05:25:20.285Z,995.76417,92208.69,90435.23999999999,340.63289000000003,1773.4499999999998,1825.14,1840.5469,50
362,bigone,2023-04-25T05:25:21.705Z,995.76417,92208.65,90435.23999999999,340.63289000000003,1773.4099999999999,1825.14,1840.5467,50
363,bigone,2023-04-25T05:25:23.044Z,995.76417,92208.61,90435.23999999999,340.63289000000003,1773.37,1825.14,1840.5465,50
364,bigone,2023-04-25T05:25:24.430Z,995.76417,92208.53,90435.23999999999,340.63289000000003,1773.29,1825.14,1840.5461,50
365,bigone,2023-04-25T05:25:25.827Z,995.76417,92208.48999999999,90435.23999999999,340.63289000000003,1773.25,1825.14,1840.5459,50
366,bigone,2023-04-25T05:25:27.196Z,995.76417,92208.40999999999,90435.23999999999,340.63289000000003,1773.17,1825.14,1840.5455,50
367,bigone,2023-04-25T05:25:28.554Z,995.76417,92208.37,90435.23999999999,340.63289000000003,1773.13,1825.14,1840.5453,50
368,bigone,2023-04-25T05:25:29.915Z,995.76417,92208.33,90435.23999999999,340.63289000000003,1773.09,1825.14,1840.5451,50
369,bigone,2023-04-25T05:25:31.289Z,1031.33417,92235.86,90434.54,340.63289000000003,1801.3200000000002,1824.74,1841.1478,50
370,bigone,2023-04-25T05:25:32.688Z,995.76417,92204.59,90434.54,340.63289000000003,1770.05,1824.74,1840.5428,50
371,bigone,2023-04-25T05:25:34.037Z,995.76417,92204.55,90434.54,340.63289000000003,1770.0099999999998,1824.74,1840.5426,50
372,bigone,2023-04-25T05:25:35.401Z,995.76417,92204.47,90434.54,340.63289000000003,1769.9299999999998,1824.74,1840.5422,50
373,bigone,2023-04-25T05:25:36.776Z,995.76417,92204.43000000001,90434.54,340.63289000000003,1769.8899999999999,1824.74,1840.542,50
374,bigone,2023-04-25T05:25:38.262Z,995.76417,92204.34999999999,90434.54,340.63289000000003,1769.81,1824.74,1840.5416,50
375,bigone,2023-04-25T05:25:39.659Z,995.76417,92204.31,90434.54,340.63289000000003,1769.77,1824.74,1840.5414,50
376,bigone,2023-04-25T05:25:41.015Z,995.76417,92204.27,90434.54,340.63289000000003,1769.73,1824.74,1840.5412,50
377,bigone,2023-04-25T05:25:42.382Z,995.76417,92204.19,90434.54,340.63289000000003,1769.6499999999999,1824.74,1840.5408,50
378,bigone,2023-04-25T05:25:43.754Z,995.76417,92204.15000000001,90434.54,340.63289000000003,1769.61,1824.74,1840.5407,50
379,bigone,2023-04-25T05:25:45.136Z,995.76417,92205.13,90434.54,340.63289000000003,1770.59,1824.84,1840.5408,50
380,bigone,2023-04-25T05:25:46.510Z,995.76417,92205.05,90434.54,340.63289000000003,1770.51,1824.84,1840.5404,50
381,bigone,2023-04-25T05:25:47.889Z,995.76417,92205.01,90434.54,340.63289000000003,1770.4699999999998,1824.84,1840.5402,50
382,bigone,2023-04-25T05:25:49.264Z,995.7641700000001,92204.95,90434.54,340.63289000000003,1770.4099999999999,1824.84,1840.5399,50
383,bigone,2023-04-25T05:25:50.633Z,995.76417,92204.89,90434.54,340.63289000000003,1770.35,1824.84,1840.5396,50
384,bigone,2023-04-25T05:25:51.996Z,995.76417,92204.85,90434.54,340.63289000000003,1770.31,1824.84,1840.5394,50
385,bigone,2023-04-25T05:25:53.365Z,1031.33417,92236.43999999999,90434.54,340.63289000000003,1801.9,1824.84,1841.1455,50
386,bigone,2023-04-25T05:25:54.728Z,995.76417,92204.73,90434.54,340.63289000000003,1770.19,1824.84,1840.5389,50
387,bigone,2023-04-25T05:25:56.130Z,995.76417,92204.69,90434.54,340.63289000000003,1770.1499999999999,1824.84,1840.5387,50
388,bigone,2023-04-25T05:25:57.495Z,995.76417,92204.61,90434.54,340.63289000000003,1770.07,1824.84,1840.5383,50
389,bigone,2023-04-25T05:25:58.882Z,995.76417,92204.57,90434.54,340.63289000000003,1770.03,1824.84,1840.5381,50
390,bigone,2023-04-25T05:26:00.284Z,995.76417,92204.53,90434.54,340.63289000000003,1769.99,1824.84,1840.5379,50
391,bigone,2023-04-25T05:26:01.684Z,995.76417,92204.45,90434.54,340.63289000000003,1769.9099999999999,1824.84,1840.5375,50
392,bigone,2023-04-25T05:26:03.035Z,995.76417,92204.41,90434.54,340.63289000000003,1769.87,1824.84,1840.5373,50
393,bigone,2023-04-25T05:26:04.398Z,995.76417,92204.33,90434.54,340.63289000000003,1769.79,1824.84,1840.5369,50
394,bigone,2023-04-25T05:26:05.773Z,995.76417,92204.29,90434.54,340.63289000000003,1769.75,1824.84,1840.5367,50
395,bigone,2023-04-25T05:26:07.127Z,995.76417,92204.25,90434.54,340.63289000000003,1769.71,1824.84,1840.5365,50
396,bigone,2023-04-25T05:26:08.485Z,995.76417,92204.17,90434.54,340.63289000000003,1769.6299999999999,1824.84,1840.5362,50
397,bigone,2023-04-25T05:26:09.839Z,995.76417,92204.13,90434.54,340.63289000000003,1769.59,1824.84,1840.536,50
398,bigone,2023-04-25T05:26:11.245Z,995.76417,92206.38,90437.84,340.63289000000003,1768.54,1825.405,1840.5378,50
399,bigone,2023-04-25T05:26:12.617Z,995.76417,92206.3,90437.84,340.63289000000003,1768.46,1825.405,1840.5374,50
400,bigone,2023-04-25T05:26:13.958Z,995.76417,92206.26,90437.84,340.63289000000003,1768.42,1825.405,1840.5372,50
401,bigone,2023-04-25T05:26:15.315Z,995.76417,92206.22,90437.84,340.63289000000003,1768.38,1825.405,1840.537,50
402,bigone,2023-04-25T05:26:16.683Z,995.76417,92206.22,90437.84,340.63289000000003,1768.38,1825.405,1840.537,50
403,bigone,2023-04-25T05:26:18.060Z,995.76417,92206.22,90437.84,340.63289000000003,1768.38,1825.405,1840.537,50
404,bigone,2023-04-25T05:26:19.418Z,995.76417,92206.22,90437.84,340.63289000000003,1768.38,1825.405,1840.537,50
405,bigone,2023-04-25T05:26:20.776Z,995.76417,92206.22,90437.84,340.63289000000003,1768.38,1825.405,1840.537,50
406,bigone,2023-04-25T05:26:22.128Z,995.76417,92206.22,90437.84,340.63289000000003,1768.38,1825.405,1840.537,50
407,bigone,2023-04-25T05:26:23.491Z,995.76417,92206.22,90437.84,340.63289000000003,1768.38,1825.405,1840.537,50
408,bigone,2023-04-25T05:26:25.131Z,995.76417,92206.22,90437.84,340.63289000000003,1768.38,1825.405,1840.537,50
409,bigone,2023-04-25T05:26:26.800Z,995.76417,92206.22,90437.84,340.63289000000003,1768.38,1825.405,1840.537,50
410,bigone,2023-04-25T05:26:28.161Z,995.76417,92206.22,90437.84,340.63289000000003,1768.38,1825.405,1840.537,50
411,bigone,2023-04-25T05:26:29.560Z,995.76417,92206.22,90437.84,340.63289000000003,1768.38,1825.405,1840.537,50
412,bigone,2023-04-25T05:26:30.921Z,995.76417,92206.22,90437.84,340.63289000000003,1768.38,1825.405,1840.537,50
413,bigone,2023-04-25T05:26:32.545Z,995.76417,92206.22,90437.84,340.63289000000003,1768.38,1825.405,1840.537,50
414,bigone,2023-04-25T05:26:33.931Z,995.76417,92206.22,90437.84,340.63289000000003,1768.38,1825.405,1840.537,50
415,bigone,2023-04-25T05:26:35.301Z,995.76417,92206.22,90437.84,340.63289000000003,1768.38,1825.405,1840.537,50
416,bigone,2023-04-25T05:26:36.660Z,995.76417,92206.22,90437.84,340.63289000000003,1768.38,1825.405,1840.537,50
417,bigone,2023-04-25T05:26:38.032Z,995.76417,92206.87,90437.88,340.63289000000003,1768.99,1825.47,1840.5374,50
418,bigone,2023-04-25T05:26:39.701Z,995.76417,92206.87,90437.95999999999,340.63289000000003,1768.9099999999999,1825.47,1840.5378,50
419,bigone,2023-04-25T05:26:41.070Z,995.76417,92206.87,90438.0,340.63289000000003,1768.87,1825.47,1840.538,50
420,bigone,2023-04-25T05:26:42.444Z,995.76417,92206.87,90438.07999999999,340.63289000000003,1768.79,1825.47,1840.5384,50
421,bigone,2023-04-25T05:26:43.800Z,995.76417,92206.87,90438.12,340.63289000000003,1768.75,1825.47,1840.5386,50
422,bigone,2023-04-25T05:26:45.165Z,995.76417,92206.87,90438.16,340.63289000000003,1768.71,1825.47,1840.5387,50
423,bigone,2023-04-25T05:26:46.549Z,995.76417,92206.87,90438.19999999998,340.63289000000003,1768.67,1825.47,1840.5389,50
424,bigone,2023-04-25T05:26:47.915Z,995.76417,92206.87,90438.19999999998,340.63289000000003,1768.67,1825.47,1840.5389,50
425,bigone,2023-04-25T05:26:49.281Z,995.76417,92206.87,90438.19999999998,340.63289000000003,1768.67,1825.47,1840.5389,50
426,bigone,2023-04-25T05:26:50.645Z,995.76417,92206.87,90438.19999999998,340.63289000000003,1768.67,1825.47,1840.5389,50
427,bigone,2023-04-25T05:26:52.010Z,995.76417,92206.87,90438.19999999998,340.63289000000003,1768.67,1825.47,1840.5389,50
428,bigone,2023-04-25T05:26:53.388Z,995.76417,92206.87,90438.19999999998,340.63289000000003,1768.67,1825.47,1840.5389,50
429,bigone,2023-04-25T05:26:54.751Z,995.76417,92206.87,90438.19999999998,340.63289000000003,1768.67,1825.47,1840.5389,50
430,bigone,2023-04-25T05:26:56.122Z,995.76417,92206.87,90438.19999999998,340.63289000000003,1768.67,1825.47,1840.5389,50
431,bigone,2023-04-25T05:26:57.492Z,995.76417,92206.87,90438.19999999998,340.63289000000003,1768.67,1825.47,1840.5389,50
432,bigone,2023-04-25T05:26:58.878Z,995.76417,92206.87,90438.19999999998,340.63289000000003,1768.67,1825.47,1840.5389,50
433,bigone,2023-04-25T05:27:00.275Z,995.76417,92206.87,90438.19999999998,340.63289000000003,1768.67,1825.47,1840.5389,50
434,bigone,2023-04-25T05:27:01.658Z,995.76417,92206.87,90438.19999999998,340.63289000000003,1768.67,1825.47,1840.5389,50
435,bigone,2023-04-25T05:27:03.051Z,995.76417,92206.87,90438.19999999998,340.63289000000003,1768.67,1825.47,1840.5389,50
436,bigone,2023-04-25T05:27:04.435Z,995.76417,92206.87,90438.19999999998,340.63289000000003,1768.67,1825.47,1840.5389,50
437,bigone,2023-04-25T05:27:05.800Z,995.76417,92206.87,90438.19999999998,340.63289000000003,1768.67,1825.47,1840.5389,50
438,bigone,2023-04-25T05:27:07.198Z,995.76417,92206.87,90438.19999999998,340.63289000000003,1768.67,1825.47,1840.5389,50
439,bigone,2023-04-25T05:27:08.558Z,995.76417,92207.87000000001,90438.26,340.63289000000003,1769.61,1825.57,1840.5396,50
440,bigone,2023-04-25T05:27:09.915Z,995.76417,92207.87000000001,90438.31999999999,340.63289000000003,1769.55,1825.57,1840.5398,50
441,bigone,2023-04-25T05:27:11.276Z,995.76417,92207.87000000001,90438.35999999999,340.63289000000003,1769.51,1825.57,1840.54,50
442,bigone,2023-04-25T05:27:12.632Z,995.76417,92207.87000000001,90438.44,340.63289000000003,1769.4299999999998,1825.57,1840.5404,50
443,bigone,2023-04-25T05:27:14.007Z,995.76417,92207.87000000001,90438.48,340.63289000000003,1769.3899999999999,1825.57,1840.5406,50
444,bigone,2023-04-25T05:27:15.364Z,995.76417,92207.87000000001,90438.48,340.63289000000003,1769.3899999999999,1825.57,1840.5406,50
445,bigone,2023-04-25T05:27:16.705Z,995.76417,92207.87000000001,90438.48,340.63289000000003,1769.3899999999999,1825.57,1840.5406,50
446,bigone,2023-04-25T05:27:18.077Z,995.76417,92207.87000000001,90438.48,340.63289000000003,1769.3899999999999,1825.57,1840.5406,50
447,bigone,2023-04-25T05:27:19.433Z,995.76417,92208.52,90441.76999999999,340.63289000000003,1766.75,1825.865,1840.5477,50
448,bigone,2023-04-25T05:27:20.790Z,995.76417,92208.52,90441.89,340.63289000000003,1766.6299999999999,1825.865,1840.5483,50
449,bigone,2023-04-25T05:27:22.147Z,995.76417,92208.52,90441.93,340.63289000000003,1766.59,1825.865,1840.5485,50
450,bigone,2023-04-25T05:27:23.519Z,995.76417,92208.52,90441.93,340.63289000000003,1766.59,1825.865,1840.5485,50
451,bigone,2023-04-25T05:27:24.872Z,995.76417,92208.52,90441.93,340.63289000000003,1766.59,1825.865,1840.5485,50
452,bigone,2023-04-25T05:27:26.232Z,995.76417,92208.52,90441.93,340.63289000000003,1766.59,1825.865,1840.5485,50
453,bigone,2023-04-25T05:27:27.604Z,995.76417,92208.52,90441.93,340.63289000000003,1766.59,1825.865,1840.5485,50
454,bigone,2023-04-25T05:27:28.976Z,995.76417,92208.52,90441.93,340.63289000000003,1766.59,1825.865,1840.5485,50
455,bigone,2023-04-25T05:27:30.345Z,995.76417,92208.52,90441.93,340.63289000000003,1766.59,1825.865,1840.5485,50
456,bigone,2023-04-25T05:27:31.690Z,995.76417,92211.06,90441.97,340.63289000000003,1769.09,1825.93,1840.5603,50
457,bigone,2023-04-25T05:27:33.059Z,995.76417,92211.06,90442.01,340.63289000000003,1769.0499999999997,1825.93,1840.5605,50
458,bigone,2023-04-25T05:27:34.415Z,995.76417,92211.06,90442.09,340.63289000000003,1768.9699999999998,1825.93,1840.5609,50
459,bigone,2023-04-25T05:27:35.841Z,995.76417,92211.06,90442.09,340.63289000000003,1768.9699999999998,1825.93,1840.5609,50
460,bigone,2023-04-25T05:27:37.246Z,995.76417,92211.06,90442.09,340.63289000000003,1768.9699999999998,1825.93,1840.5609,50
461,bigone,2023-04-25T05:27:38.623Z,995.76417,92211.06,90442.09,340.63289000000003,1768.9699999999998,1825.93,1840.5609,50
462,bigone,2023-04-25T05:27:39.967Z,995.76417,92211.06,90442.09,340.63289000000003,1768.9699999999998,1825.93,1840.5609,50
463,bigone,2023-04-25T05:27:41.323Z,995.76417,92211.06,90442.09,340.63289000000003,1768.9699999999998,1825.93,1840.5609,50
464,bigone,2023-04-25T05:27:42.692Z,995.76417,92211.06,90442.09,340.63289000000003,1768.9699999999998,1825.93,1840.5609,50
465,bigone,2023-04-25T05:27:44.039Z,995.76417,92211.06,90442.09,340.63289000000003,1768.9699999999998,1825.93,1840.5609,50
466,bigone,2023-04-25T05:27:45.423Z,995.76417,92211.06,90442.09,340.63289000000003,1768.9699999999998,1825.93,1840.5609,50
467,bigone,2023-04-25T05:27:46.794Z,995.76417,92211.06,90442.09,340.63289000000003,1768.9699999999998,1825.93,1840.5609,50
468,bigone,2023-04-25T05:27:48.181Z,995.76417,92211.06,90442.09,340.63289000000003,1768.9699999999998,1825.93,1840.5609,50
469,bigone,2023-04-25T05:27:49.554Z,995.76417,92211.06,90442.09,340.63289000000003,1768.9699999999998,1825.93,1840.5609,50
470,bigone,2023-04-25T05:27:50.942Z,995.76417,92211.06,90442.09,340.63289000000003,1768.9699999999998,1825.93,1840.5609,50
471,bigone,2023-04-25T05:27:52.314Z,995.76417,92211.06,90442.09,340.63289000000003,1768.9699999999998,1825.93,1840.5609,50
472,bigone,2023-04-25T05:27:53.734Z,995.76417,92211.06,90442.09,340.63289000000003,1768.9699999999998,1825.93,1840.5609,50
473,bigone,2023-04-25T05:27:55.121Z,995.76417,92211.06,90442.09,340.63289000000003,1768.9699999999998,1825.93,1840.5609,50
474,bigone,2023-04-25T05:27:56.492Z,995.76417,92211.06,90442.09,340.63289000000003,1768.9699999999998,1825.93,1840.5609,50
475,bigone,2023-04-25T05:27:57.930Z,995.76417,92211.06,90442.09,340.63289000000003,1768.9699999999998,1825.93,1840.5609,50
476,bigone,2023-04-25T05:27:59.295Z,995.76417,92211.06,90442.09,340.63289000000003,1768.9699999999998,1825.93,1840.5609,50
477,bigone,2023-04-25T05:28:00.647Z,995.76417,92211.06,90442.09,340.63289000000003,1768.9699999999998,1825.93,1840.5609,50
478,bigone,2023-04-25T05:28:02.044Z,995.76417,92211.06,90442.09,340.63289000000003,1768.9699999999998,1825.93,1840.5609,50
479,bigone,2023-04-25T05:28:03.401Z,995.76417,92211.06,90442.09,340.63289000000003,1768.9699999999998,1825.93,1840.5609,50
480,bigone,2023-04-25T05:28:04.803Z,995.76417,92211.06,90442.09,340.63289000000003,1768.9699999999998,1825.93,1840.5609,50
481,bigone,2023-04-25T05:28:06.161Z,995.76417,92211.06,90442.09,340.63289000000003,1768.9699999999998,1825.93,1840.5609,50
482,bigone,2023-04-25T05:28:07.527Z,995.76417,92211.06,90442.09,340.63289000000003,1768.9699999999998,1825.93,1840.5609,50
483,bigone,2023-04-25T05:28:08.876Z,995.76417,92211.06,90442.09,340.63289000000003,1768.9699999999998,1825.93,1840.5609,50
484,bigone,2023-04-25T05:28:10.469Z,995.76417,92214.01,90442.89,340.63289000000003,1771.12,1826.205,1840.5739,50
485,bigone,2023-04-25T05:28:11.823Z,995.76417,92214.01,90442.97,340.63289000000003,1771.04,1826.205,1840.5743,50
486,bigone,2023-04-25T05:28:13.180Z,995.76417,92214.01,90443.01,340.63289000000003,1771.0,1826.205,1840.5745,50
487,bigone,2023-04-25T05:28:14.549Z,995.76417,92214.01,90443.06999999999,340.63289000000003,1770.94,1826.205,1840.5748,50
488,bigone,2023-04-25T05:28:15.909Z,995.76417,92214.01,90443.12999999999,340.63289000000003,1770.88,1826.205,1840.5751,50
489,bigone,2023-04-25T05:28:17.267Z,995.76417,92214.01,90443.17,340.63289000000003,1770.84,1826.205,1840.5752,50
490,bigone,2023-04-25T05:28:18.655Z,995.76417,92214.01,90443.25,340.63289000000003,1770.76,1826.205,1840.5756,50
491,bigone,2023-04-25T05:28:20.006Z,995.76417,92214.01,90443.29,340.63289000000003,1770.72,1826.205,1840.5758,50
492,bigone,2023-04-25T05:28:21.418Z,995.76417,92214.01,90443.29,340.63289000000003,1770.72,1826.205,1840.5758,50
493,bigone,2023-04-25T05:28:22.775Z,995.76417,92214.01,90443.29,340.63289000000003,1770.72,1826.205,1840.5758,50
494,bigone,2023-04-25T05:28:24.135Z,995.76417,92214.01,90443.29,340.63289000000003,1770.72,1826.205,1840.5758,50
495,bigone,2023-04-25T05:28:25.495Z,995.76417,92214.01,90443.29,340.63289000000003,1770.72,1826.205,1840.5758,50
496,bigone,2023-04-25T05:28:26.838Z,995.76417,92214.76,90443.32999999999,340.63289000000003,1771.4299999999998,1826.28,1840.5762,50
497,bigone,2023-04-25T05:28:28.219Z,995.76417,92214.76,90443.39,340.63289000000003,1771.37,1826.28,1840.5766,50
498,bigone,2023-04-25T05:28:29.593Z,995.76417,92214.76,90443.45,340.63289000000003,1771.31,1826.28,1840.5768,50
499,bigone,2023-04-25T05:28:30.949Z,995.76417,92214.76,90443.48999999999,340.63289000000003,1771.27,1826.28,1840.577,50
500,bigone,2023-04-25T05:28:32.309Z,995.76417,92214.76,90443.48999999999,340.63289000000003,1771.27,1826.28,1840.577,50
501,bigone,2023-04-25T05:28:33.666Z,995.76417,92214.76,90443.48999999999,340.63289000000003,1771.27,1826.28,1840.577,50
502,bigone,2023-04-25T05:28:35.035Z,995.76417,92214.76,90443.48999999999,340.63289000000003,1771.27,1826.28,1840.577,50
503,bigone,2023-04-25T05:28:36.413Z,995.76417,92214.76,90443.48999999999,340.63289000000003,1771.27,1826.28,1840.577,50
504,bigone,2023-04-25T05:28:37.770Z,995.76417,92214.76,90443.48999999999,340.63289000000003,1771.27,1826.28,1840.577,50
505,bigone,2023-04-25T05:28:39.141Z,995.76417,92214.76,90443.48999999999,340.63289000000003,1771.27,1826.28,1840.577,50
506,bigone,2023-04-25T05:28:40.490Z,995.76417,92214.76,90443.48999999999,340.63289000000003,1771.27,1826.28,1840.577,50
507,bigone,2023-04-25T05:28:41.854Z,995.76417,92214.76,90443.53,340.63289000000003,1771.23,1826.28,1840.5772,50
508,bigone,2023-04-25T05:28:43.225Z,995.76417,92214.76,90443.53,340.63289000000003,1771.23,1826.28,1840.5772,50
509,bigone,2023-04-25T05:28:44.581Z,995.76417,92214.76,90443.53,340.63289000000003,1771.23,1826.28,1840.5772,50
510,bigone,2023-04-25T05:28:45.937Z,995.76417,92214.76,90443.53,340.63289000000003,1771.23,1826.28,1840.5772,50
511,bigone,2023-04-25T05:28:47.311Z,995.76417,92214.76,90443.53,340.63289000000003,1771.23,1826.28,1840.5772,50
512,bigone,2023-04-25T05:28:48.683Z,995.76417,92214.76,90443.53,340.63289000000003,1771.23,1826.28,1840.5772,50
513,bigone,2023-04-25T05:28:50.047Z,995.76417,92214.76,90443.53,340.63289000000003,1771.23,1826.28,1840.5772,50
514,bigone,2023-04-25T05:28:51.397Z,995.76417,92214.76,90443.53,340.63289000000003,1771.23,1826.28,1840.5772,50
515,bigone,2023-04-25T05:28:52.785Z,995.76417,92214.76,90443.53,340.63289000000003,1771.23,1826.28,1840.5772,50
516,bigone,2023-04-25T05:28:54.142Z,995.76417,92214.76,90443.53,340.63289000000003,1771.23,1826.28,1840.5772,50
517,bigone,2023-04-25T05:28:55.497Z,995.76417,92214.76,90443.53,340.63289000000003,1771.23,1826.28,1840.5772,50
518,bigone,2023-04-25T05:28:56.852Z,995.7641699999999,92215.88,90443.65,340.63289000000003,1772.23,1826.39,1840.5781,50
519,bigone,2023-04-25T05:28:58.211Z,995.7641699999999,92215.88,90443.76999999999,340.63289000000003,1772.1100000000001,1826.39,1840.5787,50
520,bigone,2023-04-25T05:28:59.600Z,995.7641699999999,92215.88,90443.81,340.63289000000003,1772.07,1826.39,1840.5789,50
521,bigone,2023-04-25T05:29:00.945Z,995.7641699999999,92215.88,90443.84999999999,340.63289000000003,1772.03,1826.39,1840.5791,50
522,bigone,2023-04-25T05:29:02.315Z,995.7641699999999,92215.88,90443.93,340.63289000000003,1771.9499999999998,1826.39,1840.5795,50
523,bigone,2023-04-25T05:29:03.656Z,995.7641699999999,92215.88,90443.97,340.63289000000003,1771.9099999999999,1826.39,1840.5797,50
524,bigone,2023-04-25T05:29:05.028Z,995.7641699999999,92215.88,90444.01,340.63289000000003,1771.87,1826.39,1840.5799,50
525,bigone,2023-04-25T05:29:06.401Z,995.7641699999999,92215.88,90444.01,340.63289000000003,1771.87,1826.39,1840.5799,50
526,bigone,2023-04-25T05:29:07.758Z,995.7641699999999,92215.88,90444.01,340.63289000000003,1771.87,1826.39,1840.5799,50
527,bigone,2023-04-25T05:29:09.161Z,995.76417,92219.42,90449.53,340.63289000000003,1769.8899999999999,1826.8,1840.598,50
528,bigone,2023-04-25T05:29:10.519Z,995.76417,92219.26000000001,90449.53,340.63289000000003,1769.73,1826.8,1840.5972,50
529,bigone,2023-04-25T05:29:11.890Z,995.76417,92219.18000000001,90449.53,340.63289000000003,1769.6499999999999,1826.8,1840.5968,50
530,bigone,2023-04-25T05:29:13.260Z,995.7641700000001,92219.12,90449.53,340.63289000000003,1769.59,1826.8,1840.5965,50
531,bigone,2023-04-25T05:29:14.635Z,995.76417,92219.06,90449.53,340.63289000000003,1769.53,1826.8,1840.5962,50
532,bigone,2023-04-25T05:29:15.994Z,995.76417,92219.02,90449.53,340.63289000000003,1769.4899999999998,1826.8,1840.596,50
533,bigone,2023-04-25T05:29:17.423Z,995.76417,92218.94,90449.53,340.63289000000003,1769.4099999999999,1826.8,1840.5956,50
534,bigone,2023-04-25T05:29:18.790Z,995.76417,92218.90000000001,90449.53,340.63289000000003,1769.37,1826.8,1840.5955,50
535,bigone,2023-04-25T05:29:20.170Z,995.76417,92218.86,90449.53,340.63289000000003,1769.33,1826.8,1840.5953,50
536,bigone,2023-04-25T05:29:21.567Z,995.76417,92218.78,90449.53,340.63289000000003,1769.25,1826.8,1840.5949,50
537,bigone,2023-04-25T05:29:22.955Z,995.76417,92218.74,90449.53,340.63289000000003,1769.2099999999998,1826.8,1840.5947,50
538,bigone,2023-04-25T05:29:24.313Z,995.7641700000001,92218.68000000001,90449.53,340.63289000000003,1769.1499999999999,1826.8,1840.5944,50
539,bigone,2023-04-25T05:29:25.654Z,995.76417,92218.62,90449.53,340.63289000000003,1769.09,1826.8,1840.5941,50
540,bigone,2023-04-25T05:29:27.015Z,995.76417,92218.58,90449.53,340.63289000000003,1769.05,1826.8,1840.5939,50
541,bigone,2023-04-25T05:29:28.370Z,995.76417,92218.5,90449.53,340.63289000000003,1768.9699999999998,1826.8,1840.5935,50
542,bigone,2023-04-25T05:29:29.783Z,995.76417,92218.46,90449.53,340.63289000000003,1768.9299999999998,1826.8,1840.5933,50
543,bigone,2023-04-25T05:29:31.132Z,995.76417,92218.42,90449.53,340.63289000000003,1768.8899999999999,1826.8,1840.5932,50
544,bigone,2023-04-25T05:29:32.488Z,995.76417,92218.34,90449.53,340.63289000000003,1768.81,1826.8,1840.5928,50
545,bigone,2023-04-25T05:29:33.875Z,995.76417,92218.34,90449.53,340.63289000000003,1768.81,1826.8,1840.5928,50
546,bigone,2023-04-25T05:29:35.261Z,995.76417,92218.34,90449.53,340.63289000000003,1768.81,1826.8,1840.5928,50
547,bigone,2023-04-25T05:29:36.620Z,995.76417,92218.26000000001,90447.15,340.63289000000003,1771.1100000000001,1826.64,1840.5879,50
548,bigone,2023-04-25T05:29:37.992Z,995.76417,92214.71,90446.34,340.63289000000003,1768.37,1826.23,1840.5861,50
549,bigone,2023-04-25T05:29:39.351Z,995.76417,92214.62999999999,90446.34,340.63289000000003,1768.29,1826.23,1840.5857,50
550,bigone,2023-04-25T05:29:40.709Z,995.76417,92214.59,90446.34,340.63289000000003,1768.25,1826.23,1840.5855,50
551,bigone,2023-04-25T05:29:42.069Z,995.76417,92214.55,90446.34,340.63289000000003,1768.21,1826.23,1840.5853,50
552,bigone,2023-04-25T05:29:43.440Z,995.7641700000001,92214.49,90446.34,340.63289000000003,1768.15,1826.23,1840.585,50
553,bigone,2023-04-25T05:29:44.825Z,995.76417,92214.43000000001,90446.34,340.63289000000003,1768.0900000000001,1826.23,1840.5848,50
554,bigone,2023-04-25T05:29:46.171Z,995.76417,92214.39,90446.34,340.63289000000003,1768.0500000000002,1826.23,1840.5846,50
555,bigone,2023-04-25T05:29:47.548Z,995.76417,92214.31,90446.34,340.63289000000003,1767.97,1826.23,1840.5842,50
556,bigone,2023-04-25T05:29:48.900Z,995.76417,92214.27,90446.34,340.63289000000003,1767.9299999999998,1826.23,1840.584,50
557,bigone,2023-04-25T05:29:50.273Z,995.76417,92214.23,90446.34,340.63289000000003,1767.8899999999999,1826.23,1840.5838,50
558,bigone,2023-04-25T05:29:51.644Z,995.76417,92214.15,90446.34,340.63289000000003,1767.81,1826.23,1840.5834,50
559,bigone,2023-04-25T05:29:52.997Z,995.76417,92214.11,90446.34,340.63289000000003,1767.77,1826.23,1840.5832,50
560,bigone,2023-04-25T05:29:54.359Z,995.76417,92214.06999999999,90446.34,340.63289000000003,1767.73,1826.23,1840.583,50
561,bigone,2023-04-25T05:29:55.736Z,995.76417,92213.99,90446.34,340.63289000000003,1767.65,1826.23,1840.5827,50
562,bigone,2023-04-25T05:29:57.095Z,995.76417,92213.95,90446.34,340.63289000000003,1767.6100000000001,1826.23,1840.5825,50
563,bigone,2023-04-25T05:29:58.450Z,995.76417,92213.90999999999,90446.34,340.63289000000003,1767.5700000000002,1826.23,1840.5823,50
564,bigone,2023-04-25T05:29:59.792Z,995.76417,92213.90999999999,90446.34,340.63289000000003,1767.5700000000002,1826.23,1840.5823,50
565,bigone,2023-04-25T05:30:01.149Z,995.76417,92213.90999999999,90446.34,340.63289000000003,1767.5700000000002,1826.23,1840.5823,50
566,bigone,2023-04-25T05:30:02.536Z,995.76417,92213.90999999999,90446.34,340.63289000000003,1767.5700000000002,1826.23,1840.5823,50
567,bigone,2023-04-25T05:30:03.893Z,995.76417,92213.90999999999,90446.34,340.63289000000003,1767.5700000000002,1826.23,1840.5823,50
568,bigone,2023-04-25T05:30:05.241Z,995.76417,92213.90999999999,90446.34,340.63289000000003,1767.5700000000002,1826.23,1840.5823,50
569,bigone,2023-04-25T05:30:06.594Z,995.76417,92213.90999999999,90446.34,340.63289000000003,1767.5700000000002,1826.23,1840.5823,50
570,bigone,2023-04-25T05:30:07.951Z,995.76417,92213.90999999999,90446.34,340.63289000000003,1767.5700000000002,1826.23,1840.5823,50
571,bigone,2023-04-25T05:30:09.310Z,995.76417,92213.90999999999,90446.34,340.63289000000003,1767.5700000000002,1826.23,1840.5823,50
572,bigone,2023-04-25T05:30:10.684Z,995.76417,92213.87,90446.34,340.63289000000003,1767.5300000000002,1826.23,1840.5821,50
573,bigone,2023-04-25T05:30:12.041Z,995.76417,92213.83,90446.34,340.63289000000003,1767.49,1826.23,1840.5819,50
574,bigone,2023-04-25T05:30:13.427Z,995.76417,92213.75,90446.34,340.63289000000003,1767.4099999999999,1826.23,1840.5815,50
575,bigone,2023-04-25T05:30:14.785Z,995.76417,92213.75,90446.34,340.63289000000003,1767.4099999999999,1826.23,1840.5815,50
576,bigone,2023-04-25T05:30:16.142Z,995.76417,92213.75,90446.34,340.63289000000003,1767.4099999999999,1826.23,1840.5815,50
577,bigone,2023-04-25T05:30:17.497Z,995.76417,92213.75,90446.34,340.63289000000003,1767.4099999999999,1826.23,1840.5815,50
578,bigone,2023-04-25T05:30:18.867Z,995.76417,92213.75,90446.34,340.63289000000003,1767.4099999999999,1826.23,1840.5815,50
579,bigone,2023-04-25T05:30:20.224Z,995.76417,92213.75,90446.34,340.63289000000003,1767.4099999999999,1826.23,1840.5815,50
580,bigone,2023-04-25T05:30:21.579Z,995.76417,92213.75,90446.34,340.63289000000003,1767.4099999999999,1826.23,1840.5815,50
581,bigone,2023-04-25T05:30:22.935Z,995.76417,92213.75,90446.34,340.63289000000003,1767.4099999999999,1826.23,1840.5815,50
582,bigone,2023-04-25T05:30:24.354Z,995.76417,92213.75,90446.34,340.63289000000003,1767.4099999999999,1826.23,1840.5815,50
583,bigone,2023-04-25T05:30:25.733Z,995.76417,92213.75,90446.34,340.63289000000003,1767.4099999999999,1826.23,1840.5815,50
584,bigone,2023-04-25T05:30:27.088Z,995.76417,92213.75,90446.34,340.63289000000003,1767.4099999999999,1826.23,1840.5815,50
585,bigone,2023-04-25T05:30:28.459Z,995.76417,92213.75,90446.34,340.63289000000003,1767.4099999999999,1826.23,1840.5815,50
586,bigone,2023-04-25T05:30:29.797Z,995.76417,92213.75,90446.34,340.63289000000003,1767.4099999999999,1826.23,1840.5815,50
587,bigone,2023-04-25T05:30:31.188Z,995.76417,92213.67,90445.11,340.63289000000003,1768.56,1826.14,1840.5805,50
588,bigone,2023-04-25T05:30:32.544Z,995.76417,92213.62999999999,90445.11,340.63289000000003,1768.52,1826.14,1840.5803,50
589,bigone,2023-04-25T05:30:33.917Z,995.7641700000001,92213.56999999999,90445.11,340.63289000000003,1768.4599999999998,1826.14,1840.58,50
590,bigone,2023-04-25T05:30:35.304Z,995.76417,92213.51,90445.11,340.63289000000003,1768.3999999999999,1826.14,1840.5798,50
591,bigone,2023-04-25T05:30:36.647Z,995.76417,92213.51,90445.11,340.63289000000003,1768.3999999999999,1826.14,1840.5798,50
592,bigone,2023-04-25T05:30:14.306Z,995.76417,92213.51,90445.11,340.63289000000003,1768.3999999999999,1826.14,1840.5798,50
593,bigone,2023-04-25T05:30:15.662Z,995.76417,92213.51,90445.11,340.63289000000003,1768.3999999999999,1826.14,1840.5798,50
594,bigone,2023-04-25T05:30:17.035Z,995.76417,92213.51,90445.11,340.63289000000003,1768.3999999999999,1826.14,1840.5798,50
595,bigone,2023-04-25T05:30:18.392Z,995.76417,92213.51,90445.11,340.63289000000003,1768.3999999999999,1826.14,1840.5798,50
596,bigone,2023-04-25T05:30:19.747Z,995.76417,92213.51,90445.11,340.63289000000003,1768.3999999999999,1826.14,1840.5798,50
597,bigone,2023-04-25T05:30:21.118Z,995.76417,92213.51,90445.11,340.63289000000003,1768.3999999999999,1826.14,1840.5798,50
598,bigone,2023-04-25T05:30:22.490Z,995.76417,92213.51,90445.11,340.63289000000003,1768.3999999999999,1826.14,1840.5798,50
599,bigone,2023-04-25T05:30:23.844Z,995.76417,92213.51,90445.11,340.63289000000003,1768.3999999999999,1826.14,1840.5798,50
600,bigone,2023-04-25T05:30:25.234Z,995.76417,92213.51,90445.11,340.63289000000003,1768.3999999999999,1826.14,1840.5798,50
601,bigone,2023-04-25T05:30:26.588Z,995.76417,92213.51,90445.11,340.63289000000003,1768.3999999999999,1826.14,1840.5798,50
602,bigone,2023-04-25T05:30:27.964Z,995.76417,92213.51,90445.11,340.63289000000003,1768.3999999999999,1826.14,1840.5798,50
603,bigone,2023-04-25T05:30:29.349Z,995.76417,92213.51,90445.11,340.63289000000003,1768.3999999999999,1826.14,1840.5798,50
604,bigone,2023-04-25T05:30:30.724Z,995.76417,92213.51,90445.11,340.63289000000003,1768.3999999999999,1826.14,1840.5798,50
605,bigone,2023-04-25T05:30:32.172Z,995.76417,92213.51,90445.11,340.63289000000003,1768.3999999999999,1826.14,1840.5798,50
606,bigone,2023-04-25T05:30:33.546Z,995.76417,92213.51,90445.11,340.63289000000003,1768.3999999999999,1826.14,1840.5798,50
607,bigone,2023-04-25T05:30:34.887Z,995.76417,92213.51,90445.11,340.63289000000003,1768.3999999999999,1826.14,1840.5798,50
608,bigone,2023-04-25T05:30:36.243Z,995.76417,92213.51,90445.11,340.63289000000003,1768.3999999999999,1826.14,1840.5798,50
609,bigone,2023-04-25T05:30:37.615Z,995.76417,92213.51,90445.11,340.63289000000003,1768.3999999999999,1826.14,1840.5798,50
610,bigone,2023-04-25T05:30:38.973Z,995.76417,92213.51,90445.11,340.63289000000003,1768.3999999999999,1826.14,1840.5798,50
611,bigone,2023-04-25T05:30:40.337Z,995.76417,92213.51,90445.11,340.63289000000003,1768.3999999999999,1826.14,1840.5798,50
612,bigone,2023-04-25T05:30:41.700Z,995.76417,92213.51,90445.11,340.63289000000003,1768.3999999999999,1826.14,1840.5798,50
613,bigone,2023-04-25T05:30:43.073Z,995.76417,92213.51,90445.11,340.63289000000003,1768.3999999999999,1826.14,1840.5798,50
614,bigone,2023-04-25T05:30:44.476Z,995.76417,92213.51,90445.11,340.63289000000003,1768.3999999999999,1826.14,1840.5798,50
615,bigone,2023-04-25T05:30:45.932Z,995.76417,92213.51,90445.11,340.63289000000003,1768.3999999999999,1826.14,1840.5798,50
616,bigone,2023-04-25T05:30:47.503Z,995.76417,92213.51,90445.11,340.63289000000003,1768.3999999999999,1826.14,1840.5798,50
617,bigone,2023-04-25T05:30:48.927Z,995.76417,92213.51,90445.11,340.63289000000003,1768.3999999999999,1826.14,1840.5798,50
618,bigone,2023-04-25T05:30:50.289Z,995.76417,92213.51,90445.11,340.63289000000003,1768.3999999999999,1826.14,1840.5798,50
619,bigone,2023-04-25T05:30:51.642Z,995.76417,92213.51,90445.11,340.63289000000003,1768.3999999999999,1826.14,1840.5798,50
620,bigone,2023-04-25T05:30:53.028Z,995.76417,92213.51,90445.11,340.63289000000003,1768.3999999999999,1826.14,1840.5798,50
621,bigone,2023-04-25T05:30:54.370Z,995.76417,92213.51,90445.11,340.63289000000003,1768.3999999999999,1826.14,1840.5798,50
622,bigone,2023-04-25T05:30:55.753Z,995.76417,92213.51,90445.11,340.63289000000003,1768.3999999999999,1826.14,1840.5798,50
623,bigone,2023-04-25T05:30:57.149Z,995.76417,92213.51,90445.11,340.63289000000003,1768.3999999999999,1826.14,1840.5798,50
624,bigone,2023-04-25T05:30:58.520Z,995.76417,92213.51,90445.11,340.63289000000003,1768.3999999999999,1826.14,1840.5798,50
625,bigone,2023-04-25T05:30:59.877Z,995.76417,92213.51,90445.11,340.63289000000003,1768.3999999999999,1826.14,1840.5798,50
626,bigone,2023-04-25T05:31:01.295Z,995.76417,92213.51,90445.11,340.63289000000003,1768.3999999999999,1826.14,1840.5798,50
627,bigone,2023-04-25T05:31:02.669Z,995.7641700000001,92213.49,90445.11,340.63289000000003,1768.3799999999999,1826.14,1840.5796,50
628,bigone,2023-04-25T05:31:04.041Z,995.76417,92213.43000000001,90445.11,340.63289000000003,1768.3199999999997,1826.14,1840.5794,50
629,bigone,2023-04-25T05:31:05.396Z,995.76417,92213.39,90445.11,340.63289000000003,1768.2799999999997,1826.14,1840.5792,50
630,bigone,2023-04-25T05:31:06.770Z,995.76417,92213.31,90445.11,340.63289000000003,1768.1999999999998,1826.14,1840.5788,50
631,bigone,2023-04-25T05:31:08.126Z,995.76417,92213.31,90445.11,340.63289000000003,1768.1999999999998,1826.14,1840.5788,50
632,bigone,2023-04-25T05:31:09.549Z,995.76417,92213.31,90445.11,340.63289000000003,1768.1999999999998,1826.14,1840.5788,50
633,bigone,2023-04-25T05:31:10.916Z,995.76417,92213.31,90445.11,340.63289000000003,1768.1999999999998,1826.14,1840.5788,50
634,bigone,2023-04-25T05:31:12.272Z,995.76417,92213.31,90445.11,340.63289000000003,1768.1999999999998,1826.14,1840.5788,50
635,bigone,2023-04-25T05:31:13.659Z,995.76417,92213.31,90445.11,340.63289000000003,1768.1999999999998,1826.14,1840.5788,50
636,bigone,2023-04-25T05:31:15.015Z,995.76417,92213.31,90445.11,340.63289000000003,1768.1999999999998,1826.14,1840.5788,50
637,bigone,2023-04-25T05:31:16.372Z,995.76417,92213.31,90445.11,340.63289000000003,1768.1999999999998,1826.14,1840.5788,50
638,bigone,2023-04-25T05:31:17.714Z,995.7641699999999,92213.2,90440.85999999999,340.63289000000003,1772.34,1826.06,1840.5573,50
639,bigone,2023-04-25T05:31:19.084Z,995.7641699999999,92213.08,90440.85999999999,340.63289000000003,1772.2199999999998,1826.06,1840.5567,50
640,bigone,2023-04-25T05:31:20.456Z,995.7641699999999,92213.00000000001,90440.3,340.63289000000003,1772.6999999999998,1825.98,1840.5561,50
641,bigone,2023-04-25T05:31:21.813Z,995.7641699999999,92208.98,90438.90999999999,340.63289,1770.07,1825.47,1840.5536,50
642,bigone,2023-04-25T05:31:23.171Z,995.7641699999999,92208.93999999999,90438.90999999999,340.63289,1770.03,1825.47,1840.5534,50
643,bigone,2023-04-25T05:31:24.541Z,995.7641699999999,92208.86,90438.90999999999,340.63289,1769.9499999999998,1825.47,1840.5531,50
644,bigone,2023-04-25T05:31:25.928Z,995.7641699999999,92208.81999999999,90438.90999999999,340.63289,1769.9099999999999,1825.47,1840.5529,50
645,bigone,2023-04-25T05:31:27.286Z,995.7641699999999,92208.78,90438.90999999999,340.63289,1769.87,1825.47,1840.5527,50
646,bigone,2023-04-25T05:31:28.689Z,995.7641699999999,92208.7,90438.90999999999,340.63289,1769.79,1825.47,1840.5523,50
647,bigone,2023-04-25T05:31:30.047Z,995.7641699999999,92208.65999999999,90438.90999999999,340.63289,1769.75,1825.47,1840.5521,50
648,bigone,2023-04-25T05:31:31.404Z,995.7641699999999,92208.62,90438.90999999999,340.63289,1769.71,1825.47,1840.5519,50
649,bigone,2023-04-25T05:31:32.777Z,995.7641699999999,92208.54,90438.90999999999,340.63289,1769.6299999999999,1825.47,1840.5515,50
650,bigone,2023-04-25T05:31:34.135Z,995.7641699999999,92208.5,90438.90999999999,340.63289,1769.59,1825.47,1840.5513,50
651,bigone,2023-04-25T05:31:35.487Z,995.7641699999999,92208.46,90438.90999999999,340.63289,1769.55,1825.47,1840.5511,50
652,bigone,2023-04-25T05:31:36.828Z,995.7641699999999,92208.37999999999,90438.90999999999,340.63289,1769.4699999999998,1825.47,1840.5508,50
653,bigone,2023-04-25T05:31:38.188Z,995.7641699999999,92208.34,90438.90999999999,340.63289,1769.4299999999998,1825.47,1840.5506,50
654,bigone,2023-04-25T05:31:39.549Z,995.7641700000001,92208.28,90438.90999999999,340.63289,1769.37,1825.47,1840.5503,50
655,bigone,2023-04-25T05:31:40.917Z,995.7641699999999,92208.21999999999,90438.90999999999,340.63289,1769.31,1825.47,1840.55,50
656,bigone,2023-04-25T05:31:42.276Z,995.7641699999999,92208.18,90438.90999999999,340.63289,1769.27,1825.47,1840.5498,50
657,bigone,2023-04-25T05:31:43.624Z,995.7641699999999,92208.14,90438.90999999999,340.63289,1769.23,1825.47,1840.5496,50
658,bigone,2023-04-25T05:31:45.003Z,995.7641699999999,92208.14,90438.90999999999,340.63289,1769.23,1825.47,1840.5496,50
659,bigone,2023-04-25T05:31:46.361Z,995.7641699999999,92208.14,90438.90999999999,340.63289,1769.23,1825.47,1840.5496,50
660,bigone,2023-04-25T05:31:47.742Z,995.7641699999999,92209.39,90438.90999999999,340.63289,1770.48,1825.595,1840.55,50
661,bigone,2023-04-25T05:31:49.114Z,995.7641699999999,92209.39,90438.90999999999,340.63289,1770.48,1825.595,1840.55,50
662,bigone,2023-04-25T05:31:50.512Z,995.7641699999999,92209.39,90438.90999999999,340.63289,1770.48,1825.595,1840.55,50
663,bigone,2023-04-25T05:31:51.998Z,995.7641699999999,92209.39,90438.90999999999,340.63289,1770.48,1825.595,1840.55,50
664,bigone,2023-04-25T05:31:53.352Z,995.7641699999999,92209.39,90438.90999999999,340.63289,1770.48,1825.595,1840.55,50
665,bigone,2023-04-25T05:31:54.724Z,995.7641699999999,92209.39,90438.90999999999,340.63289,1770.48,1825.595,1840.55,50
666,bigone,2023-04-25T05:31:56.119Z,995.7641699999999,92209.39,90438.90999999999,340.63289,1770.48,1825.595,1840.55,50
667,bigone,2023-04-25T05:31:57.473Z,995.7641699999999,92209.39,90438.90999999999,340.63289,1770.48,1825.595,1840.55,50
668,bigone,2023-04-25T05:31:58.844Z,995.7641699999999,92209.39,90438.90999999999,340.63289,1770.48,1825.595,1840.55,50
669,bigone,2023-04-25T05:32:00.372Z,995.7641699999999,92209.39,90438.90999999999,340.63289,1770.48,1825.595,1840.55,50
670,bigone,2023-04-25T05:32:01.745Z,995.7641699999999,92209.39,90438.90999999999,340.63289,1770.48,1825.595,1840.55,50
671,bigone,2023-04-25T05:32:03.145Z,995.7641699999999,92209.39,90438.90999999999,340.63289,1770.48,1825.595,1840.55,50
672,bigone,2023-04-25T05:32:04.502Z,995.7641699999999,92209.39,90438.90999999999,340.63289,1770.48,1825.595,1840.55,50
673,bigone,2023-04-25T05:32:06.047Z,995.7641699999999,92209.39,90438.90999999999,340.63289,1770.48,1825.595,1840.55,50
674,bigone,2023-04-25T05:32:07.407Z,995.7641699999999,92209.39,90438.90999999999,340.63289,1770.48,1825.595,1840.55,50
675,bigone,2023-04-25T05:32:08.821Z,995.7641699999999,92209.39,90438.90999999999,340.63289,1770.48,1825.595,1840.55,50
676,bigone,2023-04-25T05:32:10.179Z,995.7641699999999,92209.39,90438.90999999999,340.63289,1770.48,1825.595,1840.55,50
677,bigone,2023-04-25T05:32:11.537Z,995.7641699999999,92209.39,90438.90999999999,340.63289,1770.48,1825.595,1840.55,50
678,bigone,2023-04-25T05:32:12.898Z,995.7641699999999,92210.04,90438.90999999999,340.63289,1771.1299999999999,1825.66,1840.5502,50
679,bigone,2023-04-25T05:32:14.271Z,995.7641699999999,92213.99,90442.49,340.63289000000003,1771.5,1826.195,1840.5645,50
680,bigone,2023-04-25T05:32:15.654Z,995.7641699999999,92213.99,90442.49,340.63289000000003,1771.5,1826.195,1840.5645,50
681,bigone,2023-04-25T05:32:17.013Z,995.7641699999999,92213.99,90442.49,340.63289000000003,1771.5,1826.195,1840.5645,50
682,bigone,2023-04-25T05:32:18.384Z,995.7641699999999,92213.99,90442.49,340.63289000000003,1771.5,1826.195,1840.5645,50
683,bigone,2023-04-25T05:32:19.755Z,995.7641699999999,92213.99,90442.49,340.63289000000003,1771.5,1826.195,1840.5645,50
684,bigone,2023-04-25T05:32:21.113Z,995.7641699999999,92213.99,90442.49,340.63289000000003,1771.5,1826.195,1840.5645,50
685,bigone,2023-04-25T05:32:22.470Z,995.7641699999999,92213.99,90442.49,340.63289000000003,1771.5,1826.195,1840.5645,50
686,bigone,2023-04-25T05:32:23.841Z,995.7641699999999,92213.99,90442.49,340.63289000000003,1771.5,1826.195,1840.5645,50
687,bigone,2023-04-25T05:32:25.198Z,995.7641699999999,92213.99,90442.49,340.63289000000003,1771.5,1826.195,1840.5645,50
688,bigone,2023-04-25T05:32:26.554Z,995.7641699999999,92213.99,90442.49,340.63289000000003,1771.5,1826.195,1840.5645,50
689,bigone,2023-04-25T05:32:27.914Z,995.7641699999999,92213.99,90442.49,340.63289000000003,1771.5,1826.195,1840.5645,50
690,bigone,2023-04-25T05:32:29.282Z,995.7641699999999,92213.99,90442.49,340.63289000000003,1771.5,1826.195,1840.5645,50
691,bigone,2023-04-25T05:32:30.666Z,995.7641699999999,92213.99,90442.49,340.63289000000003,1771.5,1826.195,1840.5645,50
692,bigone,2023-04-25T05:32:32.013Z,995.7641699999999,92213.99,90442.49,340.63289000000003,1771.5,1826.195,1840.5645,50
693,bigone,2023-04-25T05:32:33.412Z,995.7641699999999,92213.99,90442.49,340.63289000000003,1771.5,1826.195,1840.5645,50
694,bigone,2023-04-25T05:32:34.760Z,995.7641699999999,92213.99,90442.49,340.63289000000003,1771.5,1826.195,1840.5645,50
695,bigone,2023-04-25T05:32:36.117Z,995.7641699999999,92213.99,90442.49,340.63289000000003,1771.5,1826.195,1840.5645,50
696,bigone,2023-04-25T05:32:37.490Z,995.7641699999999,92213.99,90442.49,340.63289000000003,1771.5,1826.195,1840.5645,50
697,bigone,2023-04-25T05:32:38.849Z,995.7641699999999,92213.99,90442.49,340.63289000000003,1771.5,1826.195,1840.5645,50
698,bigone,2023-04-25T05:32:40.216Z,995.7641699999999,92213.99,90442.49,340.63289000000003,1771.5,1826.195,1840.5645,50
699,bigone,2023-04-25T05:32:41.579Z,995.7641699999999,92213.99,90442.49,340.63289000000003,1771.5,1826.195,1840.5645,50
700,bigone,2023-04-25T05:32:42.925Z,995.7641699999999,92213.99,90442.49,340.63289000000003,1771.5,1826.195,1840.5645,50
701,bigone,2023-04-25T05:32:44.321Z,995.7641699999999,92213.99,90442.49,340.63289000000003,1771.5,1826.195,1840.5645,50
702,bigone,2023-04-25T05:32:45.726Z,995.7641699999999,92213.99,90442.49,340.63289000000003,1771.5,1826.195,1840.5645,50
703,bigone,2023-04-25T05:32:47.087Z,995.7641699999999,92213.99,90442.49,340.63289000000003,1771.5,1826.195,1840.5645,50
704,bigone,2023-04-25T05:32:48.439Z,995.7641699999999,92213.99,90442.49,340.63289000000003,1771.5,1826.195,1840.5645,50
705,bigone,2023-04-25T05:32:49.797Z,995.7641699999999,92213.99,90442.49,340.63289000000003,1771.5,1826.195,1840.5645,50
706,bigone,2023-04-25T05:32:51.164Z,995.7641699999999,92213.99,90439.64,340.63289000000003,1774.35,1825.91,1840.5632,50
707,bigone,2023-04-25T05:32:52.526Z,995.7641699999999,92213.99,90439.64,340.63289000000003,1774.35,1825.91,1840.5632,50
708,bigone,2023-04-25T05:32:53.869Z,995.7641699999999,92213.99,90439.64,340.63289000000003,1774.35,1825.91,1840.5632,50
709,bigone,2023-04-25T05:32:55.225Z,995.7641699999999,92213.99,90439.64,340.63289000000003,1774.35,1825.91,1840.5632,50
710,bigone,2023-04-25T05:32:56.614Z,995.7641699999999,92213.99,90439.64,340.63289000000003,1774.35,1825.91,1840.5632,50
711,bigone,2023-04-25T05:32:57.973Z,995.7641699999999,92213.99,90439.64,340.63289000000003,1774.35,1825.91,1840.5632,50
712,bigone,2023-04-25T05:32:59.330Z,995.7641699999999,92213.99,90439.64,340.63289000000003,1774.35,1825.91,1840.5632,50
713,bigone,2023-04-25T05:33:00.698Z,995.7641699999999,92213.99,90439.64,340.63289000000003,1774.35,1825.91,1840.5632,50
714,bigone,2023-04-25T05:33:02.059Z,995.7641699999999,92213.99,90439.64,340.63289000000003,1774.35,1825.91,1840.5632,50
715,bigone,2023-04-25T05:33:03.401Z,995.7641699999999,92213.99,90439.64,340.63289000000003,1774.35,1825.91,1840.5632,50
716,bigone,2023-04-25T05:33:04.775Z,995.7641699999999,92213.99,90439.64,340.63289000000003,1774.35,1825.91,1840.5632,50
717,bigone,2023-04-25T05:33:06.132Z,995.7641699999999,92213.99,90439.64,340.63289000000003,1774.35,1825.91,1840.5632,50
718,bigone,2023-04-25T05:33:07.489Z,995.7641699999999,92213.99,90439.64,340.63289000000003,1774.35,1825.91,1840.5632,50
719,bigone,2023-04-25T05:33:08.844Z,995.7641699999999,92213.99,90439.64,340.63289000000003,1774.35,1825.91,1840.5632,50
720,bigone,2023-04-25T05:33:10.201Z,995.7641699999999,92213.99,90439.64,340.63289000000003,1774.35,1825.91,1840.5632,50
721,bigone,2023-04-25T05:33:11.559Z,995.7641699999999,92213.99,90439.64,340.63289000000003,1774.35,1825.91,1840.5632,50
722,bigone,2023-04-25T05:33:12.932Z,995.7641699999999,92213.99,90439.64,340.63289000000003,1774.35,1825.91,1840.5632,50
723,bigone,2023-04-25T05:33:14.291Z,995.7641699999999,92213.99,90439.64,340.63289000000003,1774.35,1825.91,1840.5632,50
724,bigone,2023-04-25T05:33:15.652Z,995.7641699999999,92213.99,90439.64,340.63289000000003,1774.35,1825.91,1840.5632,50
725,bigone,2023-04-25T05:33:17.023Z,995.7641699999999,92213.99,90439.64,340.63289000000003,1774.35,1825.91,1840.5632,50
726,bigone,2023-04-25T05:33:18.382Z,995.7641699999999,92213.99,90439.64,340.63289000000003,1774.35,1825.91,1840.5632,50
727,bigone,2023-04-25T05:33:19.750Z,995.7641699999999,92213.99,90439.64,340.63289000000003,1774.35,1825.91,1840.5632,50
728,bigone,2023-04-25T05:33:21.111Z,995.7641699999999,92213.99,90439.64,340.63289000000003,1774.35,1825.91,1840.5632,50
729,bigone,2023-04-25T05:33:22.470Z,995.7641699999999,92213.99,90439.64,340.63289000000003,1774.35,1825.91,1840.5632,50
730,bigone,2023-04-25T05:33:23.843Z,995.7641699999999,92213.99,90439.64,340.63289000000003,1774.35,1825.91,1840.5632,50
731,bigone,2023-04-25T05:33:25.197Z,995.7641699999999,92213.99,90439.64,340.63289000000003,1774.35,1825.91,1840.5632,50
732,bigone,2023-04-25T05:33:26.569Z,995.7641699999999,92213.99,90439.64,340.63289000000003,1774.35,1825.91,1840.5632,50
733,bigone,2023-04-25T05:33:27.924Z,995.7641699999999,92213.99,90439.64,340.63289000000003,1774.35,1825.91,1840.5632,50
734,bigone,2023-04-25T05:33:29.279Z,995.7641699999999,92213.99,90439.64,340.63289000000003,1774.35,1825.91,1840.5632,50
735,bigone,2023-04-25T05:33:30.666Z,995.7641699999999,92213.99,90439.64,340.63289000000003,1774.35,1825.91,1840.5632,50
736,bigone,2023-04-25T05:33:32.034Z,995.7641699999999,92213.99,90439.64,340.63289000000003,1774.35,1825.91,1840.5632,50
737,bigone,2023-04-25T05:33:33.431Z,995.7641699999999,92213.99,90439.64,340.63289000000003,1774.35,1825.91,1840.5632,50
738,bigone,2023-04-25T05:33:34.922Z,995.7641699999999,92213.99,90439.64,340.63289000000003,1774.35,1825.91,1840.5632,50
739,bigone,2023-04-25T05:33:36.302Z,995.7641699999999,92213.99,90439.64,340.63289000000003,1774.35,1825.91,1840.5632,50
740,bigone,2023-04-25T05:33:37.653Z,995.7641699999999,92213.99,90439.64,340.63289000000003,1774.35,1825.91,1840.5632,50
741,bigone,2023-04-25T05:33:39.009Z,995.7641699999999,92213.99,90439.64,340.63289000000003,1774.35,1825.91,1840.5632,50
742,bigone,2023-04-25T05:33:40.380Z,995.7641699999999,92213.99,90439.64,340.63289000000003,1774.35,1825.91,1840.5632,50
743,bigone,2023-04-25T05:33:41.750Z,995.7641699999999,92213.99,90439.64,340.63289000000003,1774.35,1825.91,1840.5632,50
744,bigone,2023-04-25T05:33:43.122Z,995.7641699999999,92213.99,90439.64,340.63289000000003,1774.35,1825.91,1840.5632,50
745,bigone,2023-04-25T05:33:44.499Z,995.7641699999999,92210.49,90438.99,340.63289000000003,1771.5,1825.495,1840.5619,50
746,bigone,2023-04-25T05:33:45.855Z,995.7641699999999,92208.41,90438.29000000001,340.63289000000003,1770.12,1825.425,1840.5491,50
747,bigone,2023-04-25T05:33:47.212Z,995.7641699999999,92208.37,90438.29000000001,340.63289000000003,1770.08,1825.425,1840.5489,50
748,bigone,2023-04-25T05:33:48.569Z,995.7641699999999,92208.33,90438.29000000001,340.63289000000003,1770.04,1825.425,1840.5487,50
749,bigone,2023-04-25T05:33:49.926Z,995.7641699999999,92208.25,90438.29000000001,340.63289000000003,1769.96,1825.425,1840.5483,50
750,bigone,2023-04-25T05:33:51.297Z,995.7641699999999,92208.25,90438.29000000001,340.63289000000003,1769.96,1825.425,1840.5483,50
751,bigone,2023-04-25T05:33:52.667Z,995.7641699999999,92208.25,90438.29000000001,340.63289000000003,1769.96,1825.425,1840.5483,50
752,bigone,2023-04-25T05:33:54.027Z,995.7641699999999,92208.25,90438.29000000001,340.63289000000003,1769.96,1825.425,1840.5483,50
753,bigone,2023-04-25T05:33:55.401Z,995.7641699999999,92208.25,90438.29000000001,340.63289000000003,1769.96,1825.425,1840.5483,50
754,bigone,2023-04-25T05:33:56.759Z,995.7641699999999,92208.25,90438.29000000001,340.63289000000003,1769.96,1825.425,1840.5483,50
755,bigone,2023-04-25T05:33:58.146Z,995.7641699999999,92208.25,90438.29000000001,340.63289000000003,1769.96,1825.425,1840.5483,50
756,bigone,2023-04-25T05:33:59.524Z,995.7641699999999,92208.25,90438.29000000001,340.63289000000003,1769.96,1825.425,1840.5483,50
757,bigone,2023-04-25T05:34:00.875Z,995.7641699999999,92208.25,90438.29000000001,340.63289000000003,1769.96,1825.425,1840.5483,50
758,bigone,2023-04-25T05:34:02.224Z,995.7641699999999,92208.25,90438.29000000001,340.63289000000003,1769.96,1825.425,1840.5483,50
759,bigone,2023-04-25T05:34:03.609Z,995.7641699999999,92208.25,90438.29000000001,340.63289000000003,1769.96,1825.425,1840.5483,50
760,bigone,2023-04-25T05:34:04.966Z,995.7641699999999,92208.25,90438.29000000001,340.63289000000003,1769.96,1825.425,1840.5483,50
761,bigone,2023-04-25T05:34:06.309Z,995.7641699999999,92208.25,90438.29000000001,340.63289000000003,1769.96,1825.425,1840.5483,50
762,bigone,2023-04-25T05:34:07.696Z,995.7641699999999,92208.25,90438.29000000001,340.63289000000003,1769.96,1825.425,1840.5483,50
763,bigone,2023-04-25T05:34:09.047Z,995.7641699999999,92208.25,90438.29000000001,340.63289000000003,1769.96,1825.425,1840.5483,50
764,bigone,2023-04-25T05:34:10.405Z,995.7641699999999,92208.25,90438.29000000001,340.63289000000003,1769.96,1825.425,1840.5483,50
765,bigone,2023-04-25T05:34:11.761Z,995.7641699999999,92208.25,90438.29000000001,340.63289000000003,1769.96,1825.425,1840.5483,50
766,bigone,2023-04-25T05:34:13.117Z,995.7641699999999,92208.25,90438.29000000001,340.63289000000003,1769.96,1825.425,1840.5483,50
767,bigone,2023-04-25T05:34:14.474Z,995.7641699999999,92208.25,90438.29000000001,340.63289000000003,1769.96,1825.425,1840.5483,50
768,bigone,2023-04-25T05:34:15.829Z,995.7641699999999,92208.25,90438.29000000001,340.63289000000003,1769.96,1825.425,1840.5483,50
769,bigone,2023-04-25T05:34:17.198Z,995.7641699999999,92208.25,90438.29000000001,340.63289000000003,1769.96,1825.425,1840.5483,50
770,bigone,2023-04-25T05:34:18.570Z,995.7641699999999,92208.25,90438.29000000001,340.63289000000003,1769.96,1825.425,1840.5483,50
771,bigone,2023-04-25T05:34:19.911Z,995.7641699999999,92208.25,90438.29000000001,340.63289000000003,1769.96,1825.425,1840.5483,50
772,bigone,2023-04-25T05:34:21.293Z,995.7641699999999,92209.09,90438.29000000001,340.63289000000003,1770.8,1825.51,1840.5486,50
773,bigone,2023-04-25T05:34:22.638Z,995.7641699999999,92209.09,90438.29000000001,340.63289000000003,1770.8,1825.51,1840.5486,50
774,bigone,2023-04-25T05:34:23.998Z,995.7641699999999,92209.09,90438.29000000001,340.63289000000003,1770.8,1825.51,1840.5486,50
775,bigone,2023-04-25T05:34:25.384Z,995.7641699999999,92209.09,90438.29000000001,340.63289000000003,1770.8,1825.51,1840.5486,50
776,bigone,2023-04-25T05:34:26.739Z,995.7641699999999,92209.09,90438.29000000001,340.63289000000003,1770.8,1825.51,1840.5486,50
777,bigone,2023-04-25T05:34:28.092Z,995.7641699999999,92209.09,90438.29000000001,340.63289000000003,1770.8,1825.51,1840.5486,50
778,bigone,2023-04-25T05:34:29.484Z,995.7641699999999,92209.09,90438.29000000001,340.63289000000003,1770.8,1825.51,1840.5486,50
779,bigone,2023-04-25T05:34:30.841Z,995.7641699999999,92209.09,90438.29000000001,340.63289000000003,1770.8,1825.51,1840.5486,50
780,bigone,2023-04-25T05:34:32.201Z,995.7641699999999,92209.09,90438.29000000001,340.63289000000003,1770.8,1825.51,1840.5486,50
781,bigone,2023-04-25T05:34:33.563Z,995.7641699999999,92209.09,90438.29000000001,340.63289000000003,1770.8,1825.51,1840.5486,50
782,bigone,2023-04-25T05:34:34.954Z,995.7641699999999,92209.09,90438.29000000001,340.63289000000003,1770.8,1825.51,1840.5486,50
783,bigone,2023-04-25T05:34:36.311Z,995.7641699999999,92209.09,90438.29000000001,340.63289000000003,1770.8,1825.51,1840.5486,50
784,bigone,2023-04-25T05:34:37.683Z,995.7641699999999,92209.09,90438.29000000001,340.63289000000003,1770.8,1825.51,1840.5486,50
785,bigone,2023-04-25T05:34:39.039Z,995.7641699999999,92210.27,90438.29000000001,340.63289000000003,1771.98,1825.625,1840.5489,50
786,bigone,2023-04-25T05:34:40.413Z,995.7641699999999,92210.27,90438.29000000001,340.63289000000003,1771.98,1825.625,1840.5489,50
787,bigone,2023-04-25T05:34:41.787Z,995.7641699999999,92213.27,90441.89,340.63289000000003,1771.38,1826.075,1840.5636,50
788,bigone,2023-04-25T05:34:43.141Z,995.7641699999999,92213.27,90441.89,340.63289000000003,1771.38,1826.075,1840.5636,50
789,bigone,2023-04-25T05:34:44.524Z,995.7641699999999,92213.27,90441.89,340.63289000000003,1771.38,1826.075,1840.5636,50
790,bigone,2023-04-25T05:34:45.901Z,995.7641699999999,92213.27,90441.89,340.63289000000003,1771.38,1826.075,1840.5636,50
791,bigone,2023-04-25T05:34:47.257Z,995.7641699999999,92213.27,90441.89,340.63289000000003,1771.38,1826.075,1840.5636,50
792,bigone,2023-04-25T05:34:48.682Z,995.7641699999999,92213.27,90441.89,340.63289000000003,1771.38,1826.075,1840.5636,50
793,bigone,2023-04-25T05:34:50.035Z,995.7641699999999,92213.27,90441.89,340.63289000000003,1771.38,1826.075,1840.5636,50
794,bigone,2023-04-25T05:34:51.409Z,995.7641699999999,92213.27,90441.89,340.63289000000003,1771.38,1826.075,1840.5636,50
795,bigone,2023-04-25T05:34:52.754Z,995.7641699999999,92213.27,90441.89,340.63289000000003,1771.38,1826.075,1840.5636,50
796,bigone,2023-04-25T05:34:54.110Z,995.7641699999999,92213.27,90441.89,340.63289000000003,1771.38,1826.075,1840.5636,50
797,bigone,2023-04-25T05:34:55.467Z,995.7641699999999,92213.27,90441.89,340.63289000000003,1771.38,1826.075,1840.5636,50
798,bigone,2023-04-25T05:34:56.838Z,995.7641699999999,92213.27,90441.89,340.63289000000003,1771.38,1826.075,1840.5636,50
799,bigone,2023-04-25T05:34:58.211Z,995.7641699999999,92213.27,90441.89,340.63289000000003,1771.38,1826.075,1840.5636,50
800,bigone,2023-04-25T05:34:59.567Z,995.7641699999999,92213.27,90441.89,340.63289000000003,1771.38,1826.075,1840.5636,50
801,bigone,2023-04-25T05:35:00.924Z,995.7641699999999,92213.27,90441.89,340.63289000000003,1771.38,1826.075,1840.5636,50
802,bigone,2023-04-25T05:35:02.289Z,995.7641699999999,92213.27,90441.89,340.63289000000003,1771.38,1826.075,1840.5636,50
803,bigone,2023-04-25T05:35:03.641Z,995.7641699999999,92213.27,90441.89,340.63289000000003,1771.38,1826.075,1840.5636,50
804,bigone,2023-04-25T05:35:05.017Z,995.7641699999999,92213.27,90441.89,340.63289000000003,1771.38,1826.075,1840.5636,50
805,bigone,2023-04-25T05:35:06.401Z,995.7641699999999,92213.27,90441.89,340.63289000000003,1771.38,1826.075,1840.5636,50
806,bigone,2023-04-25T05:35:07.775Z,995.7641699999999,92213.27,90441.89,340.63289000000003,1771.38,1826.075,1840.5636,50
807,bigone,2023-04-25T05:35:09.128Z,995.7641699999999,92213.27,90441.89,340.63289000000003,1771.38,1826.075,1840.5636,50
808,bigone,2023-04-25T05:35:10.484Z,995.7641699999999,92213.27,90441.89,340.63289000000003,1771.38,1826.075,1840.5636,50
809,bigone,2023-04-25T05:35:11.841Z,995.7641699999999,92213.27,90441.89,340.63289000000003,1771.38,1826.075,1840.5636,50
810,bigone,2023-04-25T05:35:13.211Z,995.7641699999999,92213.27,90441.89,340.63289000000003,1771.38,1826.075,1840.5636,50
811,bigone,2023-04-25T05:35:14.586Z,995.7641699999999,92213.27,90441.89,340.63289000000003,1771.38,1826.075,1840.5636,50
812,bigone,2023-04-25T05:35:15.944Z,995.7641699999999,92213.27,90441.89,340.63289000000003,1771.38,1826.075,1840.5636,50
813,bigone,2023-04-25T05:35:17.293Z,995.7641699999999,92213.27,90441.89,340.63289000000003,1771.38,1826.075,1840.5636,50
814,bigone,2023-04-25T05:35:18.653Z,995.7641699999999,92213.27,90441.89,340.63289000000003,1771.38,1826.075,1840.5636,50
815,bigone,2023-04-25T05:35:20.012Z,995.7641699999999,92213.27,90441.89,340.63289000000003,1771.38,1826.075,1840.5636,50
816,bigone,2023-04-25T05:35:21.352Z,995.7641699999999,92213.27,90441.89,340.63289000000003,1771.38,1826.075,1840.5636,50
817,bigone,2023-04-25T05:35:22.755Z,995.7641699999999,92215.24,90441.89,340.63289000000003,1773.35,1826.28,1840.5642,50
818,bigone,2023-04-25T05:35:24.127Z,995.7641699999999,92215.89,90441.89,340.63289000000003,1774.0,1826.345,1840.5644,50
819,bigone,2023-04-25T05:35:25.486Z,995.7641699999999,92215.89,90441.89,340.63289000000003,1774.0,1826.345,1840.5644,50
820,bigone,2023-04-25T05:35:26.968Z,995.7641699999999,92215.89,90441.89,340.63289000000003,1774.0,1826.345,1840.5644,50
821,bigone,2023-04-25T05:35:28.327Z,995.7641699999999,92215.89,90441.89,340.63289000000003,1774.0,1826.345,1840.5644,50
822,bigone,2023-04-25T05:35:29.681Z,995.7641699999999,92215.89,90441.89,340.63289000000003,1774.0,1826.345,1840.5644,50
823,bigone,2023-04-25T05:35:31.052Z,995.7641699999999,92215.89,90441.89,340.63289000000003,1774.0,1826.345,1840.5644,50
